3875 5634
866 551 991 612 122
1582 562 2302 633 msuornomazusan.

819 709 992 808 ξετες
1044 732 1165 797 Sed
1203 731 1288 796 ihi
1314 731 1768 819 Blepsidemus,
1793 730 2089 809 τύμπανα
2116 730 2224 798 καὶ
2246 731 2513 813 κύφωνες
2536 739 2850 820 tamquam
2877 730 3072 795 socios

810 846 876 910 in
921 846 1221 910 auxilium
1272 845 1387 911 sibi
1434 848 1753 924 invocans,
1801 846 2091 910 consulto
2139 846 2377 910 usitato
2416 843 2741 931 grandiore
2784 866 3065 909 sermone

810 960 1038 1023 utitur.
1103 960 1246 1032 Βοὴν
1309 959 1542 1025 ἱστάναι
1606 960 1901 1048 frequens
1968 966 2062 1023 est
2107 958 2173 1023 in
2219 958 2545 1045 Euripide,
2593 956 2908 1023 Heraclid.
2961 958 3063 1036 73,

814 1076 962 1151 128,
1014 1076 1160 1153 656,
1210 1073 1352 1160 Iph.
1393 1073 1581 1140 Taur.
1638 1076 1831 1139 1307.
1881 1071 2367 1158 Paratragoedia
2404 1072 2859 1160 haec⁴mulieris
2883 1070 3067 1136 verba

812 1187 1147 1252 existimari
1192 1196 1447 1274 possent
1494 1190 1615 1254 nisi
1662 1197 1791 1253 tam
1842 1196 1990 1275 apte
2034 1185 2309 1273 Telepho
2364 1193 2797 1272 congruerent.

902 1302 1003 1365 An
1052 1302 1116 1366 in
1174 1302 1284 1366 hac
1331 1325 1513 1367 scena
1561 1302 1747 1388 plura
1792 1300 2153 1386 tragoediae
2200 1299 2547 1365 debeantur
2591 1300 2919 1365 decernere
2964 1299 3066 1365 vix

811 1416 1030 1479 ausim.
1092 1414 1172 1480 In
1235 1417 1488 1502 parodia
1552 1422 1799 1502 poetam
1864 1415 2094 1480 versari
2155 1415 2440 1480 indicant
2484 1415 2728 1480 numeri
2775 1416 2840 1478 et
2883 1411 3068 1479 verba

812 1552 929 1594 vss.
982 1531 1126 1610 700,
1182 1531 1305 1593 715
1347 1537 1411 1595 et
1454 1531 1579 1594 716
1626 1530 1775 1614 (Str.
1821 1532 1947 1595 675
1990 1536 2055 1594 et
2098 1530 2268 1613 676),
2315 1532 2443 1595 724
2469 1528 2614 1614 (Str.
2642 1531 2817 1613 685),
2843 1525 3066 1592 deiude

812 1643 1069 1708 aeooaezix
1132 1646 1257 1710 705
1322 1652 1386 1708 et
1437 1643 1697 1708 fortasse
1753 1647 1857 1708 τοῦ
1908 1642 2160 1710 θανάτου
2206 1643 2281 1717 δ’,
2330 1638 2372 1706 ὦ
2398 1642 2661 1736 παιδίον,
2709 1642 2889 1720 μόνην
2914 1690 2929 1705 .
2954 1689 2970 1705 .
3002 1691 3018 1706 .
3044 1690 3060 1705 .

812 1756 976 1819 αἰτιῶ
1024 1755 1128 1829 τὴν
1167 1757 1395 1838 μητέρα
1437 1759 1586 1831 731,
1630 1779 1792 1846 quae
1829 1756 1907 1822 de
1949 1755 2446 1842 Clytaemnestra
2474 1755 2760 1841 intellegi
2784 1762 3063 1841 possunt.

813 1869 901 1931 At
964 1867 1113 1934 haec
1174 1871 1358 1934 mitto
1405 1894 1641 1936 memor
1685 1876 1789 1936 τοῦ
1836 1871 2025 1949 μηδὲν
2069 1869 2252 1948 ἄγαν.
2303 1868 2456 1934 Post
2502 1892 2587 1933 vs.
2641 1870 2767 1934 732
2814 1867 3064 1934 nullum

811 1980 1068 2068 Telephi
1112 1984 1443 2069 vestigium
1491 1985 1822 2070 reperitur.
1872 1983 1952 2049 In
2003 1983 2321 2070 tragoedia
2367 1990 2646 2048 servatur
2687 1981 2957 2062 Orestes,
2997 1982 3063 2047 in

817 2097 1130 2163 comoedia
1201 2106 1417 2163 contra
1478 2106 1621 2165 uter
1679 2099 1832 2181 vini,
1898 2122 2088 2188 quem
2153 2098 2380 2163 mulier
2429 2107 2749 2186 tamquam
2798 2119 3062 2184 puerum

812 2211 1088 2292 curabat,
1137 2213 1516 2278 trucidatur.
1569 2213 1699 2295 Qui
1747 2212 1835 2278 ibi
1883 2214 2119 2299 legitur
2164 2236 2378 2277 versus
2428 2216 2573 2292 758,

1387 2326 1550 2392 τουτὶ
1598 2328 1664 2392 τὸ
1712 2327 1901 2408 δέρμα
1949 2335 2059 2402 τῆς
2105 2328 2306 2409 ἱερείας
2354 2327 2639 2406 γίγνεται.

812 2442 1124 2524 genuinus
1183 2463 1309 2507 non
1372 2465 1503 2507 esse
1560 2442 1720 2506 mihi
1781 2441 2053 2508 videtur.
2117 2442 2264 2508 Non
2305 2443 2470 2507 enim
2517 2441 2693 2506 video
2739 2464 2930 2530 quare
2974 2464 3067 2506 ro·

812 2561 1019 2638 gasset
1062 2556 1318 2635 mulier,
1368 2556 1430 2622 τί
1470 2564 1579 2631 τῆς
1626 2556 1828 2638 ἱερείαις
1872 2557 2148 2636 γίγνεται
2195 2557 2245 2621 si
2292 2558 2414 2621 iam
2464 2557 2530 2621 τὸ
2568 2557 2756 2638 δέρμα
2794 2556 3067 2622 dedisset

812 2666 907 2731 vel
954 2666 1099 2732 dare
1142 2668 1462 2755 pollicitus
1500 2676 1662 2762 esset
1702 2669 2147 2735 Mnesilochus.
2191 2669 2391 2734 Ortus
2428 2677 2522 2735 est
2559 2693 2633 2735 ex
2658 2669 3063 2735 annotatione

812 2780 891 2844 ad
949 2782 1128 2847 τουτί.
1180 2781 1525 2871 Adscripsit
1574 2784 1806 2872 aliquis
1851 2786 1918 2850 τὸ
1965 2784 2177 2865 δέρμα,
2230 2784 2419 2869 (sicut
2462 2782 2540 2847 ad
2586 2782 2730 2869 Lys.
2782 2785 2907 2848 603
2955 2782 3061 2848 καὶ

809 2895 1087 2960 ταυτασί·
1149 2895 1284 2969 Τὰς
1345 2878 1639 2984 ταινίαις.)
1710 2896 1882 2985 quod
1945 2919 2088 2961 cum
2142 2897 2204 2962 τί
2244 2905 2352 2972 τῆς
2398 2898 2597 2978 ἱερείαις
2643 2896 2912 2975 γίγνεται
2957 2919 3063 2961 no·

810 3030 956 3071 vum
1005 3009 1225 3093 genuit
1268 3032 1535 3075 versum.
1584 3010 1838 3076 Excidit
1885 3011 2146 3076 fortasse
2194 3032 2408 3075 versus
2457 3008 2845 3074 Mnesilochi.

813 3217 922 3284 Vs.
972 3213 1134 3285 776.
1765 3219 1807 3287 ὦ
1855 3230 2056 3305 χεῖρες
2100 3223 2263 3303 ἐμαὶ,

1382 3338 1673 3417 ἐγχειρεῖν
1718 3344 1871 3417 χρῆν
1918 3335 2066 3417 ἔργῳ
2111 3336 2352 3418 πορίμῳ.
2475 3408 2480 3414 ,

1387 3449 1503 3529 ἄγε
1549 3452 1618 3523 δὴ
1669 3451 1926 3516 πινάκων
1973 3448 2191 3526 ξεστῶν
2239 3450 2450 3531 δέλτοι,

1386 3561 1632 3638 δέξασθε
1677 3565 1901 3642 σμίλης
1947 3565 2170 3645 ὁλκοὺς,

1386 3677 1642 3759 κήρυκας
1687 3679 1844 3757 ἐμῶν
1891 3677 2157 3757 μόχθων·
2205 3676 2373 3755 οἶμαι.

810 3796 876 3853 et
921 3812 955 3853 e
1001 3791 1405 3875 sequentibus

815 3914 923 3981 Vs.
974 3908 1133 3981 783.
1382 3917 1655 3996 βάσκετ’,
1702 3917 1978 3995 gri-slyer&

899 4028 1324 4095 Mnesilochus
1383 4031 1651 4095 Oeacem
1710 4032 2001 4095 imitatur
2062 4031 2173 4118 qui
2233 4022 2300 4094 iu
2347 4029 2667 4114 Euripidis
2713 4028 3063 4111 Palamede,

810 4150 969 4207 teste
1016 4143 1373 4223 Scholiasta,
1422 4146 1575 4209 remi
1627 4143 1810 4209 verba
1860 4145 2198 4231 insculpsit
2245 4166 2405 4232 quae
2453 4152 2689 4230 patrem
2736 4144 2814 4208 de
2862 4144 3067 4209 fratris

810 4265 1009 4321 morte
1056 4260 1380 4322 certiorem
1427 4259 1719 4324 facerent.
1769 4259 1872 4324 Ad
1919 4283 2008 4323 vs.
2066 4261 2187 4323 771
2232 4258 2467 4344 duplex
2503 4266 2675 4322 extat
2712 4259 3064 4337 Scholium;

808 4371 977 4457 quod
1023 4371 1291 4437 alterum
1337 4372 1527 4439 habet
1550 4421 1746 4439 .....
1793 4373 2130 4454 ἐπιγράψαι
2178 4373 2258 4446 εἷς
2303 4371 2418 4444 τὰς
2465 4377 2608 4444 ναῦς
2653 4371 2842 4436 errori
2891 4369 3068 4435 dehe-
