3875 5634
1687 719 1909 766 nuens.
2790 710 2875 770 49

678 941 718 970 ‚,
740 889 1012 954 dolosam
1075 888 1172 953 vel
1231 887 1752 953 inconsideratam
1801 887 2259 973 aurigationem
2304 896 2463 953 esset
2507 891 2918 957 confractus?

676 1003 1003 1070 Praeterea
1074 1025 1184 1090 pro
1242 1002 1682 1084 χρυσάμπυκες
1742 1001 2187 1089 Euphronium
2234 1002 2641 1084 χρυσαντυγες
2687 1005 2928 1072 dedisse

676 1118 1047 1203 suspicatur.
1098 1117 1187 1181 At
1230 1139 1436 1201 neque
1486 1116 1577 1180 ita
1625 1116 2062 1203 dispelluntur
2118 1116 2408 1182 tenebrae
2424 1146 2443 1199 ς
2480 1118 2636 1204 quid
2669 1120 2835 1184 enim
2858 1121 2941 1185 sit

678 1232 866 1312 τύχαι
925 1231 1338 1314 χρυσαντυγες
1399 1253 1526 1296 non
1589 1232 1739 1296 satis
1804 1253 2117 1315 assequor.
2181 1231 2282 1296 Ad
2328 1231 2514 1297 verba
2559 1229 2601 1297 ὦ
2645 1233 2923 1309 Παλλὰς,

681 1345 755 1420 ὥς
816 1349 885 1425 μ’
931 1347 1253 1420 ἀπώλεσας
1299 1346 1505 1412 Schol.
1555 1347 1741 1411 Ald.-:
1793 1347 2112 1428 Εὐφρόνιος
2158 1345 2220 1411 δέ
2266 1353 2435 1428 φησι,
2483 1349 2548 1414 τὸ
2585 1343 2627 1412 ὦ
2673 1348 2930 1423 Παλλὰς

680 1460 800 1525 κτὲ.
845 1460 1179 1533 Ξενοκλέους
1226 1454 1368 1525 εἶναι
1417 1441 1483 1525 ἐκ
1530 1466 1634 1526 τοῦ
1680 1461 2022 1538 Λικυμνίου.
2077 1458 2290 1526 Missis
2333 1461 2515 1526 variis
2560 1461 2926 1528 Scholiasta-

680 1595 819 1637 rum
866 1574 1241 1638 coniecturis
1285 1572 1362 1637 de
1411 1572 1736 1659 Sophoclis
1778 1573 2116 1660 tragoedia,
2144 1572 2221 1638 de
2244 1572 2602 1660 Tlepolemo
2626 1575 2928 1642 histrione

683 1687 783 1751 vel
828 1693 1030 1772 poeta,
1077 1687 1409 1753 verisimile
1457 1687 1619 1753 duco
1666 1711 1784 1752 vss.
1838 1689 2011 1752 1264
2058 1694 2123 1752 et
2175 1689 2346 1752 1265
2396 1711 2430 1753 e
2468 1687 2758 1754 Xenoclis
2809 1697 2931 1756 tra-

682 1800 903 1885 goedia
944 1801 1175 1888 petitos
1222 1824 1373 1879 esse,
1424 1801 1532 1866 sed
1578 1801 1733 1886 quid
1784 1801 2105 1888 scripserit
2142 1823 2363 1887 parum
2405 1811 2666 1869 constat.
2708 1802 2935 1889 Neque

685 1913 857 1979 deest
902 1916 1173 1999 gravitas
1218 1916 1454 2001 tragica
1503 1915 1705 1982 verbis
1753 1917 2060 2001 Amyniae
2097 1939 2214 1982 vss.
2260 1919 2428 1982 1259
2472 1917 2533 1982 ἰώ
2575 1919 2680 1996 μοι’
2697 1943 2811 1997 μοι.
2841 1917 2931 1984 ἔα.

687 2036 750 2091 et
799 2030 970 2092 1262

1129 2143 1249 2209 τίδ’
1258 2172 1278 2219 ς
1325 2142 1484 2216 ὅστις
1529 2144 1666 2223 εἰμὶ,
1714 2149 1888 2209 τοῦτο
1936 2143 2209 2222 βούλεο-θ’
2255 2145 2495 2221 εἷδὲναις

776 2256 876 2320 Ad
936 2254 1146 2330 ἵππους
1208 2258 1465 2323 ἐλαύνων
1523 2281 1610 2322 νε.
1664 2260 1845 2323 1272
1895 2258 2099 2323 Schol.
2165 2260 2575 2324 recentiorum
2622 2259 2937 2328 codicum:

686 2368 790 2434 καὶ
839 2375 1005 2436 τοῦτο
1049 2374 1115 2436 ἐκ
1162 2372 1483 2454 παρῳδίας.
1535 2372 1684 2438 Non
1730 2379 1910 2459 patet
1957 2395 2036 2437 an
2084 2373 2240 2437 iure.

690 2597 795 2665 Vs.
852 2590 1031 2664 1371
1084 2620 1172 2682 sq.
1222 2599 1346 2663 vid.
1391 2598 1471 2663 ad
1516 2598 1673 2664 Ran.
1725 2600 1877 2663 850.

693 2851 799 2918 Vs.
851 2843 1060 2915 1397.
1155 2844 1198 2913 ὦ
1240 2854 1450 2914 καινῶν
1497 2851 1649 2914 ἐπῶν
1699 2850 1910 2924 κινητὰ
1954 2848 2058 2916 καὶ
2107 2851 2441 2932 μοχλευτοὶ.

778 2966 857 3031 In
904 2964 1057 3031 Eur.
1106 2962 1349 3043 Medea,
1398 2987 1483 3027 vs.
1540 2966 1729 3045 1317,
1778 2963 1889 3029 ubi
1937 2962 2116 3029 iubet
2159 2964 2350 3030 Jason
2399 2966 2601 3031 valvas
2648 2964 2767 3031 sibi
2803 2989 2942 3053 ape·

694 3080 823 3161 riri,
887 3077 1189 3144 exclamat
1247 3076 1507 3141 Medea:
1571 3076 1634 3141 τί
1688 3076 1876 3142 τάσδε
1938 3084 2114 3150 κινεῖς
2172 3077 2645 3158 κοὶναμοχλεύεις
2705 3079 2940 3156 πύλας;

692 3193 866 3259 Haec
920 3214 1065 3258 cum
1120 3190 1559 3278 Aristophanis
1606 3190 1744 3256 loco
1789 3213 2013 3278 parum
2061 3191 2465 3256 consentiunt
2511 3190 2615 3257 sed
2664 3191 2939 3258 Porsono

693 3308 941 3374 videtur
1007 3329 1133 3371 non
1203 3304 1281 3370 ab
1342 3305 1525 3370 initio
1586 3305 1789 3379 πύλας
1849 3305 2165 3392 scripsisse
2223 3305 2608 3391 Euripidem.
2675 3305 2943 3392 Legitur

697 3423 859 3488 enim
902 3422 970 3487 in
1015 3422 1290 3486 dramate
1340 3418 1587 3484 Christo
1632 3419 1917 3506 patiente
1965 3442 2053 3484 vs.
2105 3421 2269 3485 436:
2949 3418 2953 3423 ’

1151 3534 1214 3599 τί
1251 3533 1459 3599 τούσδε
1504 3541 1678 3606 κινεῖς
1724 3532 2203 3613 κάναμοχλεύεις
2252 3532 2492 3611 λόγουςς

699 3657 763 3716 et
832 3649 999 3714 idem
1058 3649 1185 3713 fere
1245 3670 1332 3712 vs.
1399 3649 1548 3727 120,
1614 3653 1679 3711 et
1741 3646 1807 3711 in
1854 3645 2183 3711 Heliodori
2232 3645 2619 3731 Aethiopicis
2662 3645 2697 3711 I
2734 3669 2807 3733 ⁴p.
2861 3649 2940 3711 15

702 3765 800 3848 (cf.
874 3761 1060 3846 Greg.
1132 3759 1272 3825 Cor.
1338 3760 1434 3824 ed.
1501 3759 1811 3842 Schaefer,
1861 3782 1924 3846 p.
1975 3761 2125 3843 203)
2173 3757 2507 3836 „Cnemon
2555 3758 2631 3824 de
2677 3760 2946 3826 fortunis

701 3926 740 3955 ,‚
759 3877 888 3942 suis
936 3900 972 3941 a
1015 3876 1345 3961 Theagene
1392 3883 1457 3940 et
1502 3873 1824 3939 Chariclea
1868 3876 2229 3960 importune
2275 3873 2712 3958 interrogatus,
2752 3875 2948 3940 excla-

702 4039 742 4069 „
762 3998 895 4056 mat
956 3990 1020 4055 τί
1073 3995 1274 4054 ταῦτα
1334 3997 1507 4061 κινεῖς
1556 3985 2112 4067 κοὶναμοχλεύεις;”
2162 3985 2489 4050 Praeterea
2533 3985 2703 4067 Bast,
2753 3987 2941 4074 Greg.

703 4103 842 4170 Cor.
912 4103 1004 4168 l.l.
1070 4110 1330 4168 annotat
1389 4152 1429 4182 „
1448 4101 1657 4167 Verba
1716 4102 1780 4167 τί
1834 4106 2037 4167 ταῦτα
2083 4108 2258 4174 κινεῖς
2303 4101 2778 4182 κᾶναμοχλεύεις
2820 4102 2945 4187 legi

702 4268 742 4298 „
762 4217 950 4283 etiam
1013 4218 1081 4282 in
1139 4217 1476 4303 scriptione
1538 4216 1823 4281 nondum
1885 4215 2073 4296 edita,
2124 4237 2283 4299 quae
2330 4215 2706 4300 epigraphen
2754 4215 2945 4281 habet

703 4330 1085 4412 ,,Τιμαρι’ων,
1126 4330 1254 4416 jam
1303 4330 1518 4394 monui
1555 4329 1621 4393 in
1667 4327 1888 4393 Lettre
1937 4327 2222 4413 Oritique
2258 4350 2322 4415 p.
2367 4330 2513 4395 147.
2556 4331 2636 4412 (p.
2682 4330 2810 4393 184
2846 4330 2942 4394 ed.

704 4442 912 4529 Lat.)''
971 4442 1236 4509 Duobus
1295 4441 1611 4531 prioribus
1669 4443 1824 4507 locis
1872 4442 2083 4507 allatis
2132 4442 2219 4507 sic
2263 4443 2470 4528 pergit
2514 4440 2780 4507 Porson:
2829 4440 2948 4506 Ve-

704 4608 748 4637 „
764 4581 905 4624 rum
963 4580 1095 4624 rem
1154 4581 1283 4623 esse
1342 4558 1510 4623 omni
1557 4555 1972 4622 admiratione
2019 4554 2448 4641 dignissimam
2494 4555 2799 4621 fateamur
2843 4576 2947 4620 ne-

2659 4669 2685 4706 4
