3875 5634
843 746 847 750 ’
878 744 1006 807 106
1760 758 2156 804 Ltsxs'rRATA.

830 927 934 993 Fr.
999 929 1151 993 487.
1213 926 1598 1008 „Videntur
1640 934 1914 1013 quatuor
1960 950 2173 994 versus
2215 927 2395 993 allati
2441 936 2557 994 aut
2604 926 2922 1015 desumpti
2966 948 3097 991 esse

829 1065 968 1122 „ex
1037 1041 1343 1129 Euripide
1413 1050 1527 1107 aut
1594 1042 1672 1107 ad
1742 1042 2098 1129 exemplum
2167 1043 2363 1108 huius
2420 1050 2642 1130 poetae
2705 1039 3095 1129 compositi.’'

832 1154 1085 1221 Nauck.
1136 1153 1244 1219 Vs.
1298 1158 1471 1220 1126
1519 1162 1730 1221 tamen
1779 1178 1906 1221 non
1945 1156 2112 1221 sicut
2148 1179 2320 1221 nunc
2359 1180 2424 1222 se
2463 1156 2656 1221 habet
2691 1154 2770 1220 ab
2792 1155 3099 1243 Euripide

831 1271 1104 1357 scriptus
1141 1277 1255 1350 est,
1298 1277 1376 1335 ut
1414 1278 1674 1358 apparet
1720 1293 1795 1335 ex
1839 1271 2117 1335 oratione
2162 1270 2561 1358 Melanippes
2604 1293 2794 1357 quam
2834 1270 3102 1336 servavit

828 1383 1019 1449 Dion.
1067 1383 1238 1462 Hal„
1287 1384 1367 1449 fr.
1416 1384 1568 1449 Eur.
1616 1387 1768 1465 488,
1813 1386 1955 1450 κούκ
1997 1385 2138 1464 ἐμὸς
2184 1385 2212 1451 ὅ
2259 1389 2463 1465 μῦθος,
2504 1387 2650 1451 ἀλλ’
2689 1386 2843 1466 ἐμῆς
2884 1386 3099 1466 μητρὸς

833 1500 1016 1580 πάροι,
1088 1499 1322 1585 quibus
1378 1500 1696 1565 addantur
1756 1500 1956 1587 ipsius
2014 1499 2301 1587 Dionysii
2359 1501 2583 1567 verba:
2647 1502 2681 1575 ἦ
2730 1502 3097 1575 Μελανίππη

833 1614 1015 1695 σοφὴ,
1086 1614 1155 1679 τό
1221 1615 1427 1696 apim
1495 1615 1834 1697 Εὐριπίδου,
1896 1616 2337 1697 ἐπιγέγραπται
2396 1617 2508 1694 μὲν
2567 1614 2748 1697 σοφὴ,
2805 1613 2892 1680 ὅτι
2935 1621 3103 1697 <ptho-

835 1733 1016 1808 σοφεῖ
1064 1725 1171 1793 καὶ
1219 1729 1319 1793 διὰ
1362 1733 1534 1794 τοῦτο
1580 1731 1853 1804 τοιαύτης
1901 1730 2117 1811 μητρός
2163 1732 2321 1796 ἐστιν
2368 1729 2521 1815 (scil.
2570 1729 2831 1817 Hippos,
2882 1727 3099 1792 Chiro·

836 1840 935 1905 nis
992 1840 1182 1925 filiae)
1234 1838 1329 1907 ἵνα
1378 1842 1466 1921 μὴ
1513 1843 1793 1917 arrianos
1840 1841 1873 1925 ᾖ
1922 1846 1956 1915 ἦ
2005 1845 2353 1926 φιλοσοφία.
2404 1844 2554 1910 Non
2599 1844 2798 1931 igitur
2843 1868 2879 1907 a
2924 1850 3102 1931 patre

840 1954 1042 2020 Aeolo
1089 1956 1198 2021 sed
1243 1978 1280 2021 a
1323 1965 1525 2023 matre
1570 1957 2028 2046 philosophiam
2076 1960 2259 2025 docta
2303 1966 2458 2024 erat.

842 2155 950 2221 Vs.
1004 2149 1216 2220 1131.
1288 2155 1722 2236 Ὀλυμπίασιν,
1770 2160 1828 2224 ἐν
1873 2158 2121 2233 Πύλαις,
2170 2159 2358 2224 Πυθοῖ
2393 2195 2485 2207 -

929 2270 1137 2336 Schol.
1198 2269 1330 2344 ἕλος.-
1397 2272 1423 2336 ὄ
1486 2271 1710 2350 ἴαμβος
1756 2273 2032 2337 λέλεκται
2079 2269 2145 2346 ἐξ
2190 2273 2518 2353 Ἐρεχθέως
2565 2271 2606 2336 i.
2655 2295 2690 2336 e
2734 2294 2811 2336 ex
2855 2269 3105 2357 Euripi-

837 2384 935 2450 dis
982 2384 1354 2450 Erechtheo.
1410 2384 1784 2451 Docuerunt
1831 2386 2079 2467 Nauck,
2125 2387 2199 2450 fr.
2250 2389 2401 2465 365,
2450 2395 2515 2450 et
2553 2383 2869 2463 Meineke,
2911 2383 3100 2449 Vind.

838 2502 948 2564 Ar.
1001 2523 1061 2587 p.
1116 2502 1265 2579 137,
1315 2501 1479 2567 hanc
1524 2502 1994 2566 annotationem
2035 2502 2413 2589 adscriptam
2454 2500 2644 2565 fuisse
2680 2498 2756 2564 ad
2799 2522 2885 2563 vs.
2931 2501 3100 2564 1135

1292 2610 1372 2688 εἷς
1421 2617 1530 2694 μὲν
1576 2618 1750 2694 λόγος
1798 2639 1897 2694 μοι
1944 2616 2094 2697 δεῦρ’
2138 2614 2236 2681 ἀεὶ
2284 2617 2633 2696 περκίνετοιι.

933 2730 1234 2794 Attamen
1282 2730 1468 2817 plura
1514 2754 1587 2796 ex
1633 2731 1847 2796 eodem
1896 2732 2178 2797 dramate
2222 2731 2503 2797 derivata
2549 2737 2720 2809 sunt,
2763 2728 2932 2814 quod
2969 2752 3102 2794 non

840 2843 1010 2930 fugit
1068 2844 1490 2910 Meinekium.
1550 2844 1806 2933 Optime
1870 2847 2037 2911 enim
2086 2869 2201 2912 vss.
2253 2847 2426 2910 1133
2474 2844 2574 2931 (de
2621 2866 2748 2930 quo
2791 2843 2985 2909 Dind.
3035 2844 3104 2909 in

839 2965 1057 3023 annot.
1106 2959 1175 3023 in
1222 2958 1468 3025 Schol.:
1514 2959 1909 3045 „Tragicum
1950 2960 2222 3026 colorem
2260 2959 2537 3044 habet.”)
2578 2967 2641 3023 et
2684 2959 2858 3023 1134
2882 2957 3105 3023 Erech·

839 3071 972 3136 thei
1032 3072 1335 3139 historiae
1394 3081 1771 3159 congruunt.
1818 3073 2070 3139 Bellum
2116 3082 2322 3139 ortum
2373 3081 2508 3138 erat
2553 3074 2719 3137 inter
2763 3072 3109 3137 Athenien-

838 3209 935 3251 ses
999 3194 1063 3251 et
1107 3186 1503 3267 Eleusinios·
1553 3188 1653 3254 his
1698 3189 1933 3254 auxilio
1972 3189 2147 3254 venit
2195 3188 2554 3275 Eumolpus
2600 3210 2743 3252 cum
2791 3185 3104 3252 Thracicis

841 3300 1055 3387 copiis.
1115 3301 1331 3388 Apoll.
1398 3301 1507 3366 ΠΙ
1575 3305 1677 3382 15,
1736 3307 1797 3366 4.
1848 3306 1910 3368 4.
1963 3302 2233 3389 Lycurg.
2281 3327 2334 3369 c.
2382 3302 2601 3368 Leocr.
2648 3304 2683 3388 ᾧ
2732 3305 2815 3366 98
2871 3323 2970 3416 ap.
3017 3299 3103 3367 N.

838 3436 904 3501 p.
958 3415 1108 3479 369.
1156 3414 1313 3480 Eur.
1362 3416 1438 3480 fr.
1481 3418 1631 3483 370.

934 3525 1164 3612 Itaque
1210 3530 1345 3594 fieri
1391 3539 1569 3616 potes
1541 3539 1599 3593 t
1643 3531 1832 3597 etiam
1877 3554 1964 3596 vs.
2011 3532 2177 3595 1131
2218 3529 2635 3616 Euripideum
2660 3552 2812 3595 esse.
2839 3528 3102 3594 Versum
3173 3515 3183 3522 ⁵

847 3644 1019 3707 1130
1069 3665 1195 3728 quo
1240 3644 1453 3709 minus
1498 3644 1649 3710 huic
1695 3644 1997 3711 addamus
2046 3645 2263 3729 (Dind.
2312 3645 2357 3709 l.
2405 3644 2476 3730 1.)
2516 3651 2688 3709 vetat
2726 3666 2923 3730 pausa
2962 3642 3110 3708 Por-

843 3779 1122 3822 soniana.

843 3960 952 4026 Vs.
1008 3954 1220 4026 1257.
1294 3961 1480 4034 πολὺς
1526 3963 1578 4027 δ’
1625 3962 1802 4045 ἀμφὶ
1850 3962 1962 4035 τὰς
2009 3962 2225 4041 stum.-
2269 3962 2461 4042 ἀφρὸς
2506 3958 2681 4034 ἤνσει.

936 4075 1144 4141 Schol.
1215 4077 1356 4156 πρὸς
1424 4077 1491 4140 τὸ
1552 4076 1713 4155 παρὰ
1774 4078 1852 4156 τῷ
1915 4074 2294 4156 ’Λρχιλόχῳε
2359 4075 2641 4152 „roms
2703 4073 2757 4137 δ’
2805 4073 2993 4153 ἀφρὸς
3042 4066 3109 4146 ἦν

843 4188 969 4269 περὶ
1016 4187 1260 4266 στόμαθ’
1307 4186 1414 4253 καὶ
1467 4194 1794 4269 Σοφοκλῆς.
1839 4186 2190 4268 Quemnam
2231 4186 2554 4274 Sophoclis
2590 4185 2800 4251 locum
2836 4172 3130 4271 respexe·'

844 4302 931 4366 rit
993 4300 1341 4367 Scholiasta
1401 4324 1528 4367 non
1583 4301 1808 4387 liquet.
1872 4300 1975 4365 Fr.
2043 4304 2213 4366 1012
2263 4299 2373 4382 N.‚
2432 4303 2562 4365 914
2611 4298 2688 4363 D.
2740 4297 2948 4363 Verba
2997 4299 3112 4362 Ar·

844 4417 1118 4482 chilochi
1180 4416 1258 4482 ab
1320 4418 1798 4504 Aristophaneis
1855 4417 2044 4482 nimis
2091 4417 2450 4503 discrepant
2497 4437 2685 4500 quam
2735 4426 2808 4478 ut
2854 4413 2933 4478 de
2979 4411 3113 4477 imi-

844 4533 1084 4598 tatione
1134 4532 1400 4618 cogitari
1443 4533 1659 4619 possit.
