3875 5634
1859 794 2006 838 mx.
2923 774 3004 838 73

806 969 916 1036 Vs.
969 964 1109 1036 140
1157 962 1299 1058 sqq}
1336 973 1398 1038 τί
1438 973 1491 1038 δ’
1539 971 1607 1047 ἣν
1641 975 1713 1047 ’ἐς
1758 973 1925 1056 ὑγρὸν
1973 973 2200 1039 πόντιον
2244 972 2395 1054 πέσῃ
2443 972 2660 1050 βάθοςς

898 1085 1102 1152 Sehol.
1148 1086 1282 1160 τοὺς
1328 1089 1634 1166 τραγικοὺς
1680 1085 1875 1169 παίζει
1923 1087 2022 1153 διὰ
2059 1086 2142 1152 τοὶ
2178 1087 2307 1170 περὶ
2343 1092 2447 1152 τοῦ
2483 1085 2711 1167 Ἰκάρου
2733 1087 3049 1165 λεγόμενα.

807 1199 842 1275 ἢ
904 1199 1036 1266 ἐπεὶ
1099 1201 1257 1267 δοκεῖ
1309 1201 1336 1265 ὅ
1396 1202 1861 1285 Βελλεροφόντης
1907 1203 2028 1268 κτὲ.
2078 1200 2176 1266 De
2219 1200 2397 1267 Icaro
2442 1200 2560 1266 hoe
2603 1201 2741 1265 loeo
2783 1222 2913 1265 non
2958 1207 3053 1265 eet

808 1315 1234 1400 cogitandum.
1287 1314 1515 1380 Utrum
1555 1314 1983 1382 Stheneboeae
2016 1339 2095 1381 an
2134 1314 2611 1402 Bellerophonti
2650 1312 3054 1379 tribuendum

809 1427 897 1493 sit
938 1450 1066 1494 non
1115 1427 1339 1514 liquet.
1387 1429 1613 1497 Nauck
1658 1430 1734 1495 fr.
1785 1431 1996 1517 adesp.
2043 1433 2152 1494 41.

900 1541 1041 1607 Vss.
1107 1544 1232 1608 147
1289 1550 1354 1608 et
1407 1545 1529 1608 148
1576 1552 1821 1630 poetam
1870 1545 2086 1610 drama
2131 1543 2675 1631 Bellerophontem
2723 1542 3060 1630 respexisse

812 1679 997 1722 nemo
1042 1679 1193 1745 non>
1216 1657 1407 1723 videt.

812 1881 921 1947 Vs.
977 1875 1137 1945 154.
1284 1908 1290 1913 ·
1382 1883 1527 1948 ἀλλ’
1572 1883 1707 1966 ἄγε,
1757 1886 2029 1964 Πήγασε.
2077 1885 2254 1967 χώρει
2297 1884 2536 1967 χαίρων,

1388 2012 1696 2078 χρυσοχα)
1710 1998 1835 2063 [νων
1880 1998 2160 2079 πάταγον
2204 1998 2439 2079 ψαλίων

1391 2110 1727 2186 διακινήσας
1770 2112 2042 2195 Φαιδροῖς
2091 2112 2242 2178 ὠσίν.

901 2223 1110 2289 Sehol.
1172 2223 1276 2290 καὶ
1331 2225 1477 2291 τάδε
1521 2227 1585 2291 ἐκ
1630 2232 1732 2292 τοῦ
1778 2228 2242 2311 Βελλεροφόντου
2284 2277 2324 2301 ,,
2342 2227 2411 2292 ἴθι
2457 2226 2847 2309 χρυσοχάλιῖ
2892 2224 3058 2307 αἴρων

813 2337 1158 2419 πτέρυγαξ’
1203 2338 1280 2402 fr.
1328 2339 1490 2404 309.
1522 2337 1614 2403 Cf.
1666 2338 1854 2426 Vesp.
1905 2342 2055 2407 757.

819 2563 923 2629 Vs.
974 2555 1139 2628 236.
1390 2564 1451 2629 ἰὼ
1497 2563 1710 2646 βροτοὶ,
1758 2540 2000 2647 βροτοὶ,ι
2025 2564 2222 2647 βροτοὶ
2268 2568 2728 2645 πολυτλήμονες.

901 2677 1101 2766 Epioo
1148 2700 1317 2742 more
1361 2677 1643 2763 loquitur
1687 2677 1994 2745 Polemos.

813 2904 922 2971 Vs.
972 2895 1140 2967 356.
1388 2900 1492 2978 ξὺν
1536 2892 1675 2985 δέρει
1719 2901 1823 2980 ξὺν
1866 2903 2105 2970 ἀσπίδι.
2156 2902 2249 2968 Cf.
2299 2903 2485 2990 Vesp.
2530 2904 2723 2968 1081.

813 3129 922 3197 Vs.
973 3121 1117 3194 380
1164 3150 1297 3214 sqq.
1742 3128 1852 3195 ὑπὸ
1898 3134 2001 3195 τοῦ
2050 3130 2189 3203 Διὸς
2232 3128 2800 3207 ἀμαλδυνθήσομαι,

1391 3242 1439 3306 εἱ
1484 3242 1571 3320 μὴ
1616 3244 1897 3324 τετορήσω
1943 3247 2142 3307 ταῦτα
2185 3241 2291 3307 καὶ
2338 3240 2702 3320 λακήσομαι.

902 3356 980 3422 In
1022 3356 1418 3442 parodiarum
1456 3376 1787 3419 numerum
1812 3355 2045 3439 recepit
2066 3351 2251 3419 Ribb.
2279 3353 2435 3418 Aeh.
2464 3353 2633 3419 Anh.
2658 3377 2722 3441 p.
2750 3357 2897 3434 321,
2920 3361 3063 3440 post

812 3468 1230 3549 Taeuberum,
1300 3474 1521 3555 utpote
1586 3517 1626 3546 ,‚
1645 3476 1710 3533 et
1777 3468 2058 3532 numeris
2119 3475 2183 3532 et
2239 3468 2519 3533 oratione
2575 3469 2874 3553 tragioa”‚
2934 3490 3062 3533 non

813 3584 1314 3651 animadvertens
1360 3589 1759 3669 anapaestum
1809 3582 1871 3646 in
1920 3580 2194 3647 secunda
2239 3581 2340 3647 sed
2351 3605 2403 3647 e.
2455 3581 2577 3646 Sed
2622 3605 2767 3647 vera
2811 3580 3063 3668 pai-odia

814 3699 967 3765 huie
1012 3699 1153 3765 loeo
1195 3720 1321 3763 non
1367 3697 1547 3762 inest.
1596 3697 1973 3775 Mercuriu3‚
2024 3698 2259 3783 quippe
2305 3695 2497 3775 Deus,
2547 3696 2890 3781 grandibus
2929 3719 3064 3783 par·

813 3815 929 3878 tim
989 3836 1064 3877 ex
1123 3812 1395 3877 Homero
1456 3811 1669 3897 petitis
1727 3810 1937 3875 utitur
1985 3808 2192 3875 verbis
2237 3811 2403 3875 sicut
2451 3834 2534 3874 νε.
2585 3810 2735 3874 376.
2786 3808 3063 3875 Verbum

813 3928 1097 4010 τετορήσω
1159 3926 1278 3991 hoe
1337 3925 1691 4010 significatu
1755 3946 1962 4009 neque
2023 3924 2191 4010 apud
2250 3923 2597 3989 Homerum
2642 3946 2847 4009 neque
2893 3925 3062 4011 apud

817 4041 1089 4126 tragicos
1134 4040 1200 4104 in
1209 4039 1476 4104 venitur.

903 4153 1208 4220 Imitatur
1254 4153 1567 4238 Trygaeus
1611 4153 1911 4218 Mercurii
1958 4175 2302 4217 sermonem
2348 4175 2436 4217 vs.
2494 4153 2621 4216 382
2671 4154 2759 4231 μή
2808 4176 2903 4216 νυν
2947 4167 3060 4216 λα-

814 4270 1020 4351 κήσῃς,
1093 4267 1381 4346 λίσσομαί
1433 4268 1510 4341 σ’,
1574 4269 1703 4331 384
1763 4268 2095 4341 λακήσεται
2142 4273 2207 4331 et
2258 4269 2386 4330 400
2439 4264 2673 4339 ἐλέησον
2717 4266 2912 4329 αὐτῶν
2955 4264 3062 4338 τὴν

812 4382 950 4447 ὄπα.
1001 4381 1080 4446 of.
1131 4379 1287 4445 Aah.
1335 4383 1485 4445 410.
1535 4378 1696 4444 Cum
1740 4403 1828 4444 νε.
1881 4382 2047 4444 386:

900 4494 956 4559 εἴ
993 4518 1052 4560 τι
1096 4492 1520 4575 κεχαρισμένον
1563 4494 1836 4575 χοιρίδιον
1884 4489 2048 4560 οἶσθα
2092 4494 2233 4574 παρ’
2279 4495 2426 4572 ἐμοῦ
2475 4516 2551 4571 γε
2595 4490 3011 4565 κατεδηδοκώς.

906 4605 1001 4672 Cf.
1050 4605 1238 4672 Hom.
1286 4605 1369 4672 Π.
1414 4603 1450 4671 Ι
1498 4608 1601 4672 39.
