3875 5634
1681 1811 2026 1897 PAX.

1664 2103 2053 2114 ————

738 2327 849 2394 Vs.
905 2323 1017 2392 52.
1514 2331 1904 2413 ὑπερτάτοισιν
1948 2333 2240 2415 ἀνδράσιν.

823 2445 1051 2531 Neque
1113 2446 1410 2528 ὑπέρτερος
1469 2445 1611 2532 Lys.
1679 2448 1802 2515 ⁷72
1862 2470 2069 2533 neque
2125 2448 2446 2529 ὑπέρτατος
2495 2450 2612 2515 Av.
2669 2451 2843 2515 1763
2899 2474 2995 2517 co-

734 2559 1037 2624 micorum
1087 2566 1199 2623 est.
1244 2559 1510 2645 Epicum
1556 2569 1650 2626 est
1691 2585 1763 2627 ac
1808 2563 2138 2648 tragicum.
2179 2562 2376 2650 Epico
2415 2569 2666 2628 tantum
2704 2587 2985 2631 sermone

730 2674 1024 2739 convenit
1068 2673 1520 2755 ὑπερηνορέουσιν
1566 2698 1652 2739 vs·
1703 2677 1805 2739 53.

730 2899 840 2964 Vs.
891 2892 985 2964 76
1032 2919 1165 2983 sqq.
1480 2893 1521 2962 ὦ
1570 2899 1915 2980 Πηγάσειον,
1964 2899 2140 2983 Φησὶ,
2181 2908 2451 2978 γενναῖον
2497 2902 2729 2984 πτερόν.

815 3012 1024 3078 Schol.
1082 3010 1249 3092 πάρά
1307 3011 1388 3077 τά
1447 3013 1512 3077 ἐκ
1566 3013 2026 3095 Βελλεροφόντου
2074 3013 2409 3095 Εὐριπίδου.
2458 3016 2675 3089 ἐκεῖνος
2724 3014 2841 3098 γάρ
2885 3015 2984 3082 διά

726 3126 1012 3205 Πηγάσου
1059 3130 1162 3190 τοῦ
1209 3132 1500 3207 πτερωτοῦ
1546 3124 1817 3204 ἐπεθύμει
1864 3128 1944 3199 εἷς
1990 3127 2088 3191 τὸν
2133 3128 2361 3209 οὖροινὸν
2407 3128 2693 3193 ἀνελθεῖν.

1085 3237 1252 3318 ,,ἀγ’
1301 3234 1343 3303 ὦ
1386 3240 1561 3320 Φίλον
1606 3263 1704 3317 μοι
1750 3238 2038 3318 Πηγάσου
2083 3239 2351 3322 πτερόν.”
2398 3241 2476 3305 fr.
2528 3243 2679 3306 308.

819 3353 906 3418 Ut
974 3353 1052 3417 de
1120 3353 1379 3439 parodia
1440 3351 1630 3418 huius
1694 3353 2052 3439 tragoediae
2100 3360 2365 3433 constet,
2411 3353 2631 3440 paucis
2677 3376 2981 3441 exponen·

722 3467 877 3533 dum
945 3473 1041 3531 est
1101 3474 1564 3551 argumentum,
1627 3466 1705 3531 de
1760 3488 1885 3551 quo
1950 3464 2105 3531 bene
2166 3466 2513 3553 disputavit
2560 3465 2853 3534 Welcker
2899 3467 2972 3533 H

724 3605 782 3668 p.
863 3582 986 3646 785
1060 3602 1192 3666 sqq.
1265 3580 1791 3665 Antiquissimum
1856 3581 1934 3646 de
1995 3579 2484 3667 Bellerophonte
2542 3583 2976 3648 testimonium

727 3693 981 3781 praebet
1028 3693 1216 3758 Hom.
1268 3692 1348 3759 11.
1401 3692 1495 3757 VI
1548 3696 1670 3758 155
1710 3716 1842 3779 sqq.
1883 3694 2046 3760 Bell.
2087 3695 2243 3760 falsa
2266 3697 2510 3761 Anteae
2535 3696 2976 3762 criminatione

723 3808 953 3874 Proeto
1014 3816 1365 3895 suspectus,
1430 3808 1707 3872 mittitur
1770 3809 1836 3873 in
1894 3807 2171 3895 Lyciam,
2220 3808 2427 3874 hostes
2475 3816 2539 3873 et
2599 3809 2976 3874 chimaeram

717 3922 1017 4001 devincit,
1081 3921 1275 3986 filiam
1338 3922 1500 4007 regis
1565 3920 1789 4007 Lyciae
1853 3944 2110 3987 uxorem
2170 3922 2369 4002 ducit,
2418 3924 2566 3989 ἀλλ’
2612 3921 2709 3989 ὅτε
2756 3924 2826 3998 δὴ
2872 3923 2978 3989 xx}

720 4044 906 4108 κεῖνος
951 4036 1265 4115 ἀπήχθετο
1313 4041 1461 4099 πᾶσι
1508 4038 1720 4110 θεοῖσιν,
1763 4034 1773 4125 Ι
1815 4031 1851 4110 ἦ
1894 4060 1980 4101 τοι
2026 4034 2052 4101 ὃ
2098 4036 2231 4101 κάπ
2272 4037 2467 4102 πεδίον
2507 4037 2575 4103 τὸ
2610 4039 2849 4111 ’Λλήῖον
2872 4033 2980 4111 οἷος

719 4150 934 4223 ἀλὲἑτο,
980 4148 989 4238 Ι
1027 4149 1087 4215 ὃν
1134 4151 1312 4227 θυμὸν
1358 4141 1504 4214 ὲεάτέ
1516 4150 1645 4223 δεον,
1693 4149 1880 4214 πάτον
1914 4150 2217 4231 ἀνθρώπων
2254 4151 2542 4215 ἀλεείνων.
2585 4149 2788 4216 Filius
2811 4152 2976 4216 enim

718 4263 975 4348 filiaque
1016 4285 1054 4327 a
1100 4261 1307 4335 Marte
1353 4269 1417 4326 et
1462 4261 1667 4327 Diana
1711 4264 1915 4328 necati
1967 4272 2166 4329 erant.

807 4375 1124 4441 Hesiodus
1189 4382 1402 4440 narrat
1466 4375 2011 4463 Bellerophontem
2075 4400 2219 4442 cum
2280 4376 2518 4462 Pegaso
2578 4376 2972 4443 Chimaeram

718 4489 1125 4567 interfecisse,
1175 4488 1410 4574 Theog.
1460 4492 1624 4554 325:
1663 4490 1769 4565 τὴν
1813 4492 1923 4568 μὲν
1972 4491 2255 4568 Πήγάσος
2294 4485 2413 4556 εἷλε
2450 4490 2556 4556 καὶ
2596 4493 2800 4565 ἐσθλὸς
2826 4503 2972 4557 Βελ-

717 4604 1088 4683 λεροφόντης.
1153 4608 1219 4667 et
1265 4601 1591 4688 Pegasum,
1637 4625 1823 4687 quem
1867 4625 1996 4668 non
2044 4609 2301 4669 noverat
2346 4603 2678 4686 Homerus,
2728 4604 2794 4669 in
2842 4628 2975 4671 coe-
