3875 5634
844 759 849 763 ’
866 758 987 823 170
1818 772 2054 819 mxu.

812 945 1077 1030 phanem
1124 942 1223 1008 hic
1267 942 1621 1029 exemplum
1667 940 1884 1007 afferre
1933 938 2246 1007 scribendi
2284 940 2536 1026 generis
2576 940 2899 1027 Euripidis
2938 964 3071 1029 pro—

813 1056 956 1144 prii,
1022 1056 1130 1141 qui
1191 1057 1534 1121 sexcenties
1594 1055 1869 1120 carmina
1916 1061 2180 1120 exornat
2223 1054 2535 1119 eiusmodi
2581 1054 3071 1140 digressionibus

813 1192 977 1256 quae
1044 1170 1111 1234 in
1177 1169 1332 1234 locis
1398 1169 1820 1235 describendis
1887 1175 2239 1234 versantur.
2313 1167 2621 1255 Compara
2681 1169 2876 1256 Hipp.
2944 1171 3068 1235 738

810 1281 987 1349 ἔνθα
1034 1281 1346 1364 πορφύρεον
1391 1282 1795 1348 σταλάσσουσ’
1838 1279 1848 1372 Ι
1887 1283 1968 1356 εἷς
2017 1277 2209 1360 οἶδμα
2253 1283 2476 1363 πατρὸς
2514 1281 2881 1363 τριτάλαιναι
2920 1280 2934 1373 1
2971 1284 3069 1350 xd-

809 1421 902 1479 ραι
969 1396 1286 1471 Φαέθοντος
1348 1397 1467 1463 κτὲ.
1517 1396 1683 1462 Ibid.
1739 1398 1865 1462 744
1913 1394 1943 1461 ἵ
1949 1398 1997 1461 ν’
2047 1397 2076 1461 ὃ
2124 1395 2497 1475 ποντομέδων
2542 1396 2875 1494 πορφυρέας
2921 1398 3064 1477 λίμ-

811 1535 918 1584 νας
973 1509 984 1600 Ι
1040 1509 1282 1584 ναύταις
1341 1511 1523 1576 οὐκέθ’
1580 1511 1706 1577 ὁδὸν
1771 1510 1949 1590 νέμει.
2002 1510 2167 1577 Ibid.
2222 1512 2347 1576 750
2398 1508 2482 1577 ἵν’
2531 1511 2866 1594 ὃλβιοδωρος
2901 1510 3066 1589 αὔξει

810 1622 997 1704 ζαθέα
1048 1621 1062 1714 1
1115 1625 1275 1704 χθὼν
1334 1625 1701 1702 εὐδαιμονίαν
1763 1628 1927 1699 θεοῖς.
1999 1625 2241 1691 Similia
2302 1626 2643 1712 leguntur:
2707 1625 2862 1692 Hec.
2911 1630 3063 1710 458,

812 1736 1051 1802 Phoen.
1102 1741 1250 1817 649,
1300 1740 1448 1819 657,
1495 1737 1633 1803 Ion.
1683 1741 1833 1818 461,
1883 1744 2037 1820 495,
2091 1742 2242 1819 503,
2296 1742 2444 1821 713,
2502 1742 2648 1822 715,
2698 1740 2839 1829 Iph.
2881 1741 3069 1809 Taur.

817 1855 1009 1932 1104,
1057 1852 1198 1939 Iph.
1249 1853 1399 1919 Aul.
1451 1854 1575 1920 757
1625 1860 1690 1918 et
1732 1855 1983 1940 passim.

813 2075 924 2143 Vs.
979 2070 1186 2142 1319.
1561 2086 1826 2158 μαντεῖα
1863 2078 1970 2145 καὶ
2019 2080 2311 2154 σταδίους.

903 2190 1086 2257 Unde
1142 2194 1294 2258 haec
1356 2193 1634 2259 hauserit
1682 2196 1791 2258 Ar.
1842 2217 1969 2259 non
2017 2194 2242 2280 liquet.
2294 2197 2398 2259 An
2446 2217 2520 2260 ex
2568 2195 2783 2261 eadem
2830 2201 3062 2283 tragoe-

811 2304 916 2370 dia
984 2328 1017 2371 e
1078 2327 1203 2390 qua
1259 2309 1602 2391 sequentia,
1666 2331 1741 2372 ex
1804 2307 2194 2395 Hypsipyle?
2258 2308 2487 2393 Neque
2537 2309 2707 2375 unde
2753 2309 3070 2396 pendeant

810 2420 1147 2484 accusativi
1207 2419 1406 2486 video.
1462 2420 1517 2486 E
1563 2422 1824 2506 reliquis
1870 2422 2082 2506 aliqua
2129 2423 2413 2508 quamvis
2446 2421 2891 2489 absurdissima
2937 2447 3070 2490 sen-

810 2534 1008 2597 tentia
1055 2534 1187 2599 erui
1235 2542 1462 2621 potest,
1512 2535 1662 2601 haec
1694 2559 1840 2601 vero
1878 2560 1958 2602 ne
1995 2539 2404 2623 grammatico
2427 2538 2684 2622 quidem
2708 2561 2874 2604 nexu
2898 2562 3069 2626 prae-

811 2646 1173 2714 cedentibus
1220 2649 1544 2715 cohaerere
1590 2650 1903 2716 videntur.

811 2872 920 2939 Vs.
974 2866 1183 2938 1320.
1259 2873 1519 2949 οἰνάνθας
1564 2875 1745 2954 γάνος
1789 2876 2072 2955 άμπέλου

1249 2988 1489 3069 βότρυος
1531 2988 1701 3055 ἕλικα
1748 2991 2127 3057 παυσίπονον.

895 3100 1101 3167 Schol.
1141 3103 1306 3184 παρὰ
1341 3105 1407 3170 τὸ
1430 3100 1498 3179 ἐξ
1520 3103 1864 3185 ’Ὑψιπύλης
1887 3105 2225 3186 Εὐριπίδου.
2253 3104 2485 3170 οίνάνθα
2510 3105 2708 3187 τρέφει
2731 3106 2851 3171 κτέ.
2881 3106 2956 3172 R.
2976 3105 3054 3173 V.

815 3213 1015 3301 (φέρει
1060 3218 1248 3281 ceteri
1294 3215 1462 3299 libri,
1510 3216 1775 3292 οἰνάνθας
1820 3243 1886 3283 τε
1932 3218 2133 3300 τρέφει
2181 3217 2458 3283 Tzetzes.
2507 3217 2601 3284 Cf.
2638 3220 2712 3284 fr.
2757 3221 2925 3303 765).
2965 3218 3061 3285 De

805 3328 992 3420 variis
1036 3327 1115 3394 de
1161 3330 1276 3395 hoc
1317 3329 1454 3395 loco
1493 3331 1866 3396 coniecturis
1901 3331 2029 3396 vid.
2065 3331 2145 3396 D.
2187 3332 2262 3397 fr.
2307 3333 2432 3397 765
2470 3340 2535 3397 et
2558 3331 2823 3398 Fritsch.
2848 3356 2904 3398 a.
2929 3332 2991 3399 h.
3015 3333 3058 3399 l.

805 3553 916 3622 Vs.
973 3546 1180 3618 1322.
1253 3539 1591 3635 περίβαλλ’,
1642 3550 1684 3618 ὦ
1729 3553 1946 3635 τέκνον,
1967 3591 1970 3594 ·
1995 3554 2239 3629 ὠλένας.

896 3667 1102 3733 Schol.
1150 3665 1218 3742 ἐξ
1262 3668 1626 3748 Ὑψιπύλης.
1670 3667 1763 3733 Cf.
1811 3668 1890 3733 ad
1932 3691 2028 3734 vs.
2082 3671 2275 3735 1305.
2325 3667 2424 3734 De
2461 3669 2689 3734 illicito
2726 3676 3059 3756 anapaesto

807 3783 872 3846 in
919 3790 1117 3847 metro
1162 3781 1459 3867 glyconeo
1505 3781 1628 3846 vid.
1675 3781 1875 3847 Kock.
1915 3806 1975 3847 a.
2017 3783 2081 3847 h.
2120 3782 2185 3863 1.,
2228 3784 2341 3867 qui
2375 3804 2621 3848 summo
2645 3783 2784 3848 iure
2807 3783 3062 3869 Bergkii

806 3898 1227 3962 coniecturam
1271 3895 1511 3983 probat,
1559 3905 1703 3983 post
1748 3897 1970 3970 ὠλένας
2016 3897 2321 3982 legentis:

1250 4010 1313 4075 τί
1354 4010 1450 4087 δὲς
1495 4016 1695 4076 τοῦτον
1741 4012 1872 4076 πόδ’
1920 4012 2088 4093 cip-5²3:
2135 4009 2326 4075 Dion.
2377 4011 2499 4092 ὁρῶ.

894 4123 1167 4188 Fallitur
1223 4131 1434 4190 tamen
1496 4124 1674 4189 Kock
1738 4123 1846 4190 ubi
1910 4124 1991 4189 de
2051 4124 2166 4188 tali
2211 4130 2550 4211 anapaesto
2596 4122 2842 4189 scribit:
2889 4122 3060 4202 „Bei

800 4236 1195 4324 „Euripides
1241 4239 1326 4303 ist
1373 4262 1437 4304 er
1484 4239 1623 4303 sehr
1671 4238 1885 4323 haufig
1934 4238 2036 4323 (G.
2104 4237 2321 4303 Herm.
2372 4237 2471 4303 El.
2520 4237 2717 4302 doctr.
2766 4243 2947 4303 metr.
2998 4260 3056 4324 p.

778 4399 842 4429 ⁴„
863 4352 1011 4430 538,
1050 4351 1261 4435 539).”
1296 4351 1616 4418 Rarissimi
1657 4353 1822 4417 enim
1866 4360 2041 4417 sunt.
2072 4350 2441 4417 Occurrunt
2462 4351 2604 4438 Iph.
2629 4350 2819 4416 Taur.
2849 4352 3056 4416 1132:

800 4464 910 4542 ἐμὲ
972 4464 1025 4529 δ’
1085 4467 1270 4531 αὐτοῦ
1318 4473 1678 4547 προλιποῦσα
1724 4466 1896 4545 βήσει
1943 4467 2132 4548 ῥοθίοις
2178 4465 2469 4539 πλάταις.
2518 4464 2684 4531 Ibid.
2740 4467 2907 4531 1147
2945 4490 2960 4529 ε
2999 4466 3059 4539 ἐς

801 4577 1073 4656 άμίλλας
1118 4580 1395 4661 Χαρίτων,
1443 4581 1849 4663 άβροπλοότου
1885 4580 1996 4663 ἔριν
2035 4583 2280 4663 χὶαδάς.
2327 4581 2474 4647 Hel.
2506 4584 2667 4645 526:
2694 4579 2850 4646 πόδα
2873 4602 3056 4661 χριμ-
