3875 5634
1772 757 2241 805 ACHARNRNSES.
3004 742 3083 805 15

976 934 1126 997 456.
1174 932 1425 1013 λυπηρὸς
1468 927 1587 995 ἴσθ’
1644 927 1720 993 ὢν
1762 929 2185 1009 κάποχώρησον
2232 926 2441 1005 δόμων.

862 1110 863 1113 ,
977 1050 1130 1113 460.
1664 1041 1785 1109 ἴσθ’
1836 1043 2087 1124 ὀχληρὸς
2133 1040 2209 1106 ὢν
2254 1039 2471 1120 δόμοις.

978 1165 1133 1229 479.
1667 1166 1814 1239 κλῇε
1871 1154 2445 1252 πηκτοὶβωμοέτων.
2493 1152 2722 1219 Pollux
2771 1153 2848 1237 X,
2902 1156 2980 1219 27
3029 1160 3135 1221 λῦε

889 1273 1096 1350 πηκτὰ
1140 1271 1428 1352 δωμάτων
1471 1270 1766 1360 Euripidi
1810 1269 2061 1336 tribuit.
2110 1267 2205 1333 Cf.
2254 1267 2340 1334 N.
2388 1269 2463 1335 fr.
2511 1268 2664 1333 Eur.
2714 1271 2862 1334 991.

979 1386 1170 1452 Hisce
1216 1383 1503 1452 omnibus
1549 1392 1764 1452 utrum
1809 1384 2048 1465 παρωδῇ
2088 1405 2163 1448 an
2206 1384 2644 1465 παρκτροιγῳδῇ
2683 1383 3131 1470 Aristophanes

889 1524 1015 1568 non
1077 1501 1392 1586 liquet&
1360 1498 1609 1581 Nauck,
1673 1500 1749 1564 fr.
1813 1498 1911 1564 ad.
1981 1499 2103 1579 27,
2130 1520 2248 1563 vss.
2295 1500 2425 1562 449
2474 1505 2552 1619 et·
2580 1501 2709 1562 450
2757 1495 3132 1586 Euripideos

892 1638 1022 1681 esse
1065 1615 1439 1703 suspicatur.

894 1839 1004 1905 Vs.
1044 1832 1189 1902 446
1216 1864 1347 1927 sqq.
1387 1839 1468 1906 In
1502 1840 1620 1905 hoc
1654 1839 1969 1924 colloquio
1991 1862 2117 1905 non
2140 1838 2505 1925 Euripidem
2529 1846 2781 1904 tantum
2806 1840 2913 1906 sed
2937 1841 3124 1904 etiam

892 1955 1399 2043 Dicaeopolidem
1458 1976 1933 2040 nonnumquam
1995 1951 2198 2019 verbis
2261 1953 2516 2038 tragicis
2575 1954 2694 2031 uti,
2755 1953 3017 2020 simulac
3061 1953 3141 2018 τὰ

824 2154 828 2158 ὁ
892 2070 1039 2152 ῥάκι’
1087 2072 1154 2137 ἐκ
1197 2069 1528 2151 τροιγῳδίοις
1574 2068 1906 2155 acceperit,
1959 2068 2080 2132 iam
2131 2065 2402 2132 vidimus
2447 2090 2534 2132 vs.
2586 2069 2738 2146 435,
2784 2070 2934 2148 440,
2984 2070 3136 2132 450.

898 2184 1189 2250 Addeudi
1234 2191 1385 2249 sunt
1430 2207 1544 2250 vss.
1595 2185 1745 2264 446,
1795 2185 1949 2263 455,
1991 2184 2144 2261 471,
2191 2182 2344 2262 478,
2393 2184 2520 2247 480
2568 2203 2700 2266 sqq.

1209 2302 1360 2363 446.
1407 2298 1820 2377 εὐδαιμονοίης·
1869 2295 2138 2376 Τηλέφῳ
2186 2296 2238 2379 δ”
2291 2295 2422 2374 ἁγὼ
2468 2299 2674 2377 φρονῶ.

986 2411 1088 2477 Fr.
1158 2414 1303 2478 702.
1365 2410 1458 2476 Cf.
1519 2410 1703 2476 verba
1765 2410 2068 2476 Arcesilai
2129 2433 2165 2474 a
2221 2408 2511 2475 Nauckio
2558 2408 2769 2474 citata.
2820 2409 3139 2490 Quaenam

898 2549 1112 2592 versus
1170 2525 1348 2591 allati
1403 2527 1470 2591 in
1532 2524 1852 2610 tragoedia
1913 2525 2227 2590 sententia
2288 2524 2482 2589 fuerit
2537 2547 2660 2589 non
2707 2526 2857 2590 satis
2903 2532 3142 2590 certum

900 2646 1014 2705 est.
1076 2638 1391 2704 Videntur
1449 2661 1572 2704 non
1637 2638 1715 2703 ab
1762 2662 1892 2725 uno
1937 2640 2210 2704 alterove
2258 2638 2636 2703 Graecorum
2681 2639 2954 2724 profecta
2998 2661 3145 2721 esse,

899 2754 1012 2839 qui
1073 2775 1187 2820 cur
1246 2761 1375 2819 tam
1402 2750 1620 2819 ‘tectis
1677 2751 1879 2818 verbis
1942 2759 2232 2818 uteretur
2291 2774 2417 2817 non
2482 2759 2617 2818 erat
2661 2775 2863 2834 causa,
2911 2752 3019 2818 sed
3064 2752 3142 2818 ab

901 2869 1039 2972 ipso
1099 2866 1392 2954 Telepho,
1456 2868 1565 2953 qui
1628 2889 1772 2933 cum
1835 2866 2107 2953 suspicio
2165 2874 2303 2932 orta
2349 2873 2530 2946 esset,
2579 2889 2791 2931 cavere
2834 2866 3027 2931 vellet
3070 2890 3149 2933 ne

900 2988 1338 3068 agnosceretur
1405 2988 1471 3047 et
1533 2981 1666 3067 ipse
1733 2980 1811 3045 de
1879 2979 2154 3066 Telepho
2221 2979 2485 3064 loquens
2544 2979 2802 3066 ancipiti
2863 2988 3148 3046 uteretur

901 3119 1184 3163 sermone
1226 3118 1352 3181 quo
1397 3096 1557 3161 mala
1641 3097 1673 3171 i
1709 3095 2038 3195 imprecari
2085 3095 2422 3160 videretur.

996 3210 1169 3293 Quid
1209 3218 1419 3276 autern
1452 3210 1695 3291 voluit
1757 3206 2195 3298 ristophanes?
2232 3206 2537 3275 Mueller·
2577 3208 2749 3286 „hoc
2783 3208 2916 3275 loco
2942 3208 3149 3294 (verba

906 3325 1041 3410 A‘r.)
1086 3332 1300 3413 aperte
1345 3324 1677 3391 intellectu
1730 3331 1985 3391 carent.
2108 3345 2370 3409 .eaque
2416 3322 2593 3388 addit
2636 3330 2712 3389 ut
2752 3346 2934 3390 versu
2973 3323 3154 3390 Euri·

905 3439 1089 3525 pideo
1151 3446 1390 3517 utatur,
1453 3460 1580 3503 non
1642 3446 1717 3502 ut
1776 3372 2078 3522 aliquam
2101 3437 2498 3515 sententiam,
2548 3437 2696 3501 huic
2740 3436 2875 3501 loco
2920 3445 3152 3523 aptam,

908 3553 1230 3640 exprimat.
1293 3531 1653 3618 Firmantur
1713 3576 1785 3618 ea
1845 3574 2009 3638 quae
2069 3553 2309 3639 protuli
2356 3575 2538 3617 versu
2582 3551 2928 3637 sequenti.’'
2976 3553 3154 3635 Quae

908 3667 1344 3754 interpretatio
1382 3674 1518 3732 tum
1558 3667 1810 3732 demum
1845 3667 2102 3732 ferenda
2139 3667 2278 3745 erit,
2319 3689 2461 3731 cum
2500 3665 2659 3732 aliae
2700 3647 2911 3732 omnes
2932 3668 3159 3733 frustra

910 3787 1188 3846 tentatae
1228 3780 1485 3847 fuerint.
1523 3780 1614 3845 Ut
1651 3780 2095 3868 Aristophanis
2132 3778 2320 3845 verba
2341 3779 2732 3858 „intellectu
2756 3780 3158 3868 carere''pro·

909 3893 1019 3959 bet
1057 3893 1329 3959 Mueller
1369 3893 1518 3959 haec
1556 3893 1769 3960 addit:
1795 3944 1836 3974 ‚‚
1857 3895 1923 3959 Si
1948 3895 2348 3981 accipiuntur
2371 3915 2482 3980 pro
2507 3892 2878 3980 „Telephus
2900 3895 3033 3981 ipse
3056 3917 3156 3981 pe-

911 4007 1106 4087 reat,”
1165 4009 1377 4094 inepta
1435 4015 1529 4072 est
1590 4010 1923 4089 sententia,
1987 4031 2186 4094 quum
2234 4007 2376 4073 Dic.
2425 4008 2556 4093 ipse
2600 4006 2941 4094 Telephum
2991 4017 3156 4094 agat.

914 4122 979 4187 Si
1040 4121 1464 4209 explicantur:
1527 4122 1723 4202 „Tua
1781 4122 2014 4204 fabula,
2064 4145 2226 4208 quae
2273 4121 2585 4209 Telephus
2630 4121 3008 4201 inscribitur,
3060 4145 3196 4209 pe··

911 4236 1106 4316 reat”,
1174 4234 1273 4300 vel
1343 4285 1384 4316 ‚‚
1403 4235 1537 4320 ejus
1598 4258 1695 4300 me
1755 4234 2027 4315 taedet’',
2068 4235 2465 4326 ,stultissime
2529 4234 2680 4299 haec
2741 4234 2907 4300 dicta
2964 4243 3155 4301 sunt:

913 4346 1222 4413 offendere
1266 4348 1432 4414 enim
1477 4347 1846 4435 Euripidem
1892 4356 2034 4414 tum
2071 4350 2325 4415 demum
2363 4348 2589 4434 incipit
2627 4347 2787 4426 Dic„
2826 4355 3158 4433 postquam

914 4461 1124 4527 omnia
1167 4461 1430 4549 accepit,
1479 4483 1638 4547 quae
1682 4463 2026 4551 poposcit.”
2075 4461 2254 4544 Quae
2299 4484 2447 4528 vera
2488 4468 2714 4542 essent,
2763 4461 2815 4526 si
2848 4459 2977 4527 alta
3011 4483 3160 4528 voce

917 4573 1057 4641 Dic.
1117 4574 1271 4641 haec
1315 4574 1569 4642 dixisset
1611 4576 1925 4664 Euripidi,
1971 4600 2093 4643 non
2141 4599 2289 4643 vero
2329 4578 2387 4643 si
2432 4576 2686 4643 remissa
2731 4598 2877 4643 voce
2922 4584 3159 4663 specta·
