3875 5634
1747 774 2211 825 Aensnnsnsns.
2285 804 2286 807 κ
2911 745 2915 748 ⁴
3016 761 3055 828 3

934 948 1197 1037 Saepius
1242 948 1355 1013 hos
1400 968 1613 1012 versus
1658 953 1724 1011 et
1766 954 1964 1011 totam
2001 947 2161 1012 hanc
2199 947 2548 1014 comoediae
2585 956 2829 1035 partem
2864 949 3100 1035 legens,

844 1063 1014 1129 haesi
1061 1072 1127 1128 et
1165 1061 1243 1127 ob
1281 1061 1435 1126 alias
1471 1082 1688 1126 causas
1726 1067 1791 1125 et
1827 1060 1906 1126 ob
1945 1063 2326 1127 mentionem
2367 1084 2528 1147 quae
2562 1063 2637 1128 fit
2674 1068 2776 1129 τοῦ
2811 1061 3100 1140 ἐπιξήνου.

846 1176 1159 1255 Truncus,
1207 1175 1379 1261 quali
1424 1174 1580 1240 lanii
1627 1181 1921 1253 utuntur,
1971 1176 2035 1239 in
2081 1199 2327 1242 scenam
2373 1177 2630 1242 affertur
2674 1201 2763 1243 vs.
2806 1179 2955 1259 366,
2996 1176 3107 1243 Di-

847 1291 1157 1378 caeopolis
1198 1296 1404 1377 eaput-
1434 1289 1705 1376 imponit
1751 1296 1816 1354 et
1857 1290 1946 1353 sic
1986 1289 2413 1356 Acharnenses
2448 1290 2796 1375 alloquitur
2831 1315 2920 1357 vs.
2960 1293 3091 1357 480

847 1428 983 1491 sqq.
1023 1403 1205 1485 Quae
1242 1403 1447 1468 omnia
1490 1401 1730 1486 insulsa
1765 1403 1976 1488 potius
2001 1410 2065 1468 et
2086 1412 2192 1478 τῆς
2215 1409 2494 1485 Φορτικῆς
2515 1405 2829 1485 κωμῳδίας
2853 1404 3102 1492 propria

850 1541 1039 1603 quam
1082 1519 1283 1583 facete
1321 1516 1468 1583 fieta
1505 1516 1659 1580 mihi
1685 1514 2068 1581 videbantur
2106 1516 2302 1582 donee
2339 1516 2530 1582 incidi
2569 1517 2636 1582 in
2675 1517 3100 1610 fragmentum

849 1631 1521 1729 TQ‚„Q5.P{<1{S,
1557 1633 1706 1718 706,
1751 1629 1920 1714 quod
1965 1653 2134 1696 nune
2182 1630 2361 1696 video
2407 1631 2530 1697 iam
2576 1654 2613 1696 a
2659 1630 2983 1698 Taeubero
3031 1638 3098 1697 et

822 1747 1193 1827 ⁴Ribbeekio
1240 1746 1544 1812 collatum
1594 1767 1746 1822 esse,

1231 1859 1649 1939 Ἀγάμεμνον,
1699 1857 1818 1923 οὐδ’
1875 1859 1922 1923 εἰ
1968 1858 2215 1925 πέλεκυν
2259 1861 2318 1924 ἐν
2363 1867 2558 1942 χεροῖν
2603 1857 2761 1940 ἔχων

1237 1972 1447 2051 μέλλοι
1489 1996 1580 2045 τις
1624 1972 1703 2045 εἷς
1750 1970 2050 2052 τράχηλον
2095 1971 2388 2050 ἐμβαλεῖν
2432 1973 2595 2051 ἐμὸν,

1235 2085 1559 2165 σιγήσομαι
1606 2084 1805 2150 δίκαιοί
1850 2085 1912 2163 γ’
1960 2086 2248 2151 ἀντειπεῖν
2295 2084 2468 2166 ἔχων.

944 2199 1126 2281 Quae
1174 2198 1360 2264 verba
1406 2204 1576 2277 sunt,
1624 2204 1698 2262 ut
1737 2197 2006 2279 videtur,
2046 2199 2242 2284 ipsius
2282 2197 2540 2285 Telephi
2579 2221 2782 2284 quem·
2805 2200 3107 2286 impedire

852 2316 1079 2382 volunt
1140 2315 1364 2380 Graeci
1426 2313 1762 2398 quominus
1817 2310 2002 2379 verba
2059 2313 2264 2378 faeiat.
2325 2313 2471 2378 Huc
2526 2314 2738 2379 truuei
2783 2315 3113 2380 inventum

853 2439 1130 2516 spectare
1179 2427 1514 2493 verisimile
1552 2433 1666 2507 est,
1708 2449 1850 2492 oum
1889 2428 2242 2512 saepissime
2272 2428 2338 2492 in
2364 2428 2871 2495 Acharneusibus
2892 2429 3109 2495 drama

852 2543 1169 2629 Telephus
1234 2542 1697 2628 perstringatur
1765 2549 1828 2606 et
1888 2540 2172 2627 inprimis
2234 2564 2379 2607 eum
2440 2541 2855 2628 Dicaeopolis,
2920 2549 3113 2630 eaput

853 2666 1081 2723 trunco
1121 2657 1453 2742 imponens
1491 2663 1556 2719 et
1594 2657 1932 2720 orationem
1973 2654 2207 2721 habens
2241 2656 2489 2741 qualem
2527 2655 2753 2721 habuit
2777 2655 3108 2744 Telephus,

854 2772 1135 2837 eiusdem
1181 2768 1446 2857 Telephi
1488 2769 1713 2855 pannis
1759 2768 2023 2833 indutus
2066 2769 2279 2847 fuerit,
2325 2792 2413 2835 vs.
2455 2770 2584 2834 430
2625 2791 2760 2855 sqq.
2802 2768 2970 2834 Fieri
3006 2792 3113 2856 po-

852 2892 982 2950 test
1050 2892 1127 2948 ut
1192 2884 1259 2948 in
1322 2882 1645 2967 Euripidis
1705 2881 2026 2968 tragoedia
2083 2881 2359 2970 Telepho
2422 2883 2690 2948 Graecos
2750 2883 3106 2950 allocuturo

855 2998 1169 3064 adstiterit
1230 2996 1410 3061 miles
1469 2995 1738 3061 securim
1799 3018 1992 3060 mauu
2051 3004 2292 3074 tenens,
2354 3004 2419 3061 et
2477 2997 2602 3062 hue
2660 2998 2975 3084 pertineat
3034 2998 3111 3063 fr.
3158 3058 3161 3062 ,

855 3111 1064 3198 adesp.
1113 3112 1242 3175 340
1291 3107 1378 3173 N.

1307 3224 1484 3297 δεινὸς
1530 3222 1827 3297 κολαστὴς
1875 3223 2124 3297 πέλεκυς
2168 3224 2421 3304 αὐχένος
2466 3225 2701 3304 τομεύς,

857 3338 965 3404 sed
1010 3346 1163 3403 utut
1208 3344 1323 3418 est,
1370 3338 1489 3403 nisi
1541 3337 1691 3419 huie
1739 3336 1873 3402 loeo
1921 3339 2236 3422 parodiam
2296 3339 2492 3403 inesse
2549 3341 2904 3421 statuimus,
2953 3340 3113 3406 nihil

858 3454 1181 3519 continere
1231 3452 1479 3518 videtur
1525 3452 1694 3537 quod
1743 3453 1972 3516 summi
2016 3454 2232 3518 eomioi
2279 3453 2532 3538 ingenio
2577 3453 2837 3538 dignum
2876 3455 2978 3519 sit.
3017 3452 3118 3518 De’

857 3566 1137 3653 Telepho
1182 3566 1347 3632 infra
1394 3564 1578 3653 plura
1624 3565 1938 3643 dicemus3
1989 3566 2112 3629 iam
2155 3565 2232 3630 de
2278 3565 2397 3630 hoe
2443 3565 2580 3631 loeo
2620 3566 2959 3632 videndum
2996 3574 3114 3632 ests

895 3652 1230 3751 metrum
1300 3679 1543 3753 laborat
1612 3687 1677 3744 et
1737 3679 2033 3744 orationis
2088 3701 2304 3744 nexus.
2366 3679 2723 3764 Utrumque
2784 3684 3116 3748 restituere

860 3779 1124 3860 ooffitur
1188 3792 1507 3858 Hamaker
1567 3793 1830 3858 delendo
1892 3816 2008 3857 vss.
2074 3795 2203 3857 316
2267 3801 2330 3857 et
2393 3796 2541 3858 318.
2605 3798 2694 3859 At
2741 3795 2856 3860 hoe
2900 3818 3116 3861 revera

860 3917 955 3972 est
1014 3931 1196 3973 κακον
1256 3908 1422 3987 κακῷ
1471 3907 1687 3978 ἰᾶσθαι,
1737 3928 1877 3971 nam
1931 3930 2080 3971 vsm.
2134 3909 2260 3970 318
2309 3907 2653 3993 respiciunt
2702 3906 3114 3993 Dieaeopolis‚

862 4044 947 4085 vs.
990 4023 1119 4084 355
1160 4027 1225 4084 et
1265 4020 1516 4099 chorus,
1559 4042 1644 4083 vs.
1690 4020 1838 4100 364,
1878 4028 1944 4084 et
1979 4022 2096 4085 nisi
2139 4021 2341 4101 fallor,
2386 4022 2466 4100 τῷ
2503 4015 2751 4100 ἐπιξήνῳ
2787 4019 3116 4106 respondet

860 4132 1119 4199 verbum
1162 4129 1544 4208 καταξαίνειν
1593 4156 1680 4197 vs.
1732 4134 1881 4197 320.

948 4247 1160 4312 Aliam
1200 4247 1648 4331 quaesiverunt
1685 4245 1991 4311 medelam
2029 4247 2136 4330 qui
2179 4245 2436 4312 verbum
2473 4246 2749 4328 κεφαλὴν
2789 4246 3117 4313 emendare

862 4361 1067 4426 eonati
1105 4365 1278 4441 sunt,
1321 4381 1592 4445 quorum
1631 4360 1830 4425 varias
1871 4360 2276 4438 coniecturas,
2319 4359 2797 4443 quatuordeeim
2834 4382 3118 4441 numero,

859 4473 1128 4559 legimus
1165 4474 1235 4538 in
1274 4472 1552 4538 editione
1590 4471 1910 4538 Muelleri.
1949 4471 2170 4537 Edidit
2206 4471 2479 4537 Dindorf
2511 4474 2610 4537 τὸν
2645 4472 2941 4554 λάρυγγ’;
2984 4473 3124 4539 aliis

737 4667 750 4677 ⁹
858 4589 1133 4670 κεφαλὴν
1191 4589 1823 4675 interpretamentum
1883 4588 2084 4652 visum
2147 4593 2260 4665 est,
2321 4594 2397 4652 ut
2455 4585 2748 4671 Bergkio,
2796 4588 2909 4672 qui
2952 4588 3115 4663 τήνδ’
