3875 5634
1522 1838 2322 1942 EQUITES.

797 2388 903 2455 Vs.
956 2382 1019 2453 9.
1251 2389 1571 2467 vaoevav
1614 2396 1970 2474 κλωύσωμεν
2018 2394 2356 2472 Οὐλύμπου
2402 2393 2590 2472 νόμον.

882 2504 1076 2591 Epica
1132 2506 1331 2571 forma
1377 2507 1713 2587 Οὔλυμπος
1759 2509 1997 2595 legitur
2047 2510 2234 2574 etiam
2282 2508 2436 2573 Eur.
2485 2509 2671 2572 Herc.
2723 2507 2844 2571 fur.
2897 2508 3046 2571 872.

796 2616 968 2683 Haec
993 2620 1123 2705 ipsa
1146 2619 1334 2685 verba
1357 2645 1431 2686 ex
1454 2623 1667 2708 aliqua
1688 2623 2012 2709 tragoedia
2034 2623 2319 2689 desumta
2344 2645 2474 2686 esse
2499 2628 2709 2686 censet
2732 2619 3047 2686 Meineke.

794 2841 904 2909 Vs.
957 2836 1067 2907 15.
1224 2850 1347 2918 πῶς
1385 2845 1458 2910 ἂν
1502 2845 1576 2910 σύ
1621 2871 1720 2925 μοι
1761 2845 1993 2923 λέξειας
2039 2848 2162 2926 ἁμὲ
2209 2848 2328 2927 χρὴ
2370 2847 2562 2924 λέγειν
2579 2873 2598 2925 ;

885 2957 1149 3024 Parodia
1196 2982 1411 3025 versus
1456 2960 1610 3026 Eur.
1658 2960 1854 3048 Hipp.
1905 2964 2056 3025 345.

1238 3077 1364 3146 πῶς
1410 3072 1484 3139 ἂν
1529 3074 1604 3139 σύ
1649 3100 1749 3153 μοι
1795 3073 2028 3150 λέξειας
2074 3076 2197 3153 ἁμὲ
2243 3074 2365 3155 χρὴ
2413 3074 2604 3152 λέγειν

882 3183 1003 3250 Pro
1060 3187 1180 3268 χρὴ
1240 3187 1449 3273 Bergk
1514 3196 1580 3252 et
1637 3188 1887 3269 Nauck,
1947 3187 2127 3254 Stud.
2175 3188 2327 3253 Eur.
2374 3187 2446 3252 11
2499 3189 2601 3266 12,
2648 3192 3051 3252 correxerunt

791 3307 962 3381 χρῇς,
1006 3299 1047 3364 i.
1095 3324 1149 3366 e.
1195 3304 1361 3367 velis.

880 3411 1072 3499 Saepe
1117 3419 1243 3488 πῶς
1287 3411 1382 3479 ἄν’
1409 3438 1552 3480 cum
1599 3439 1726 3482 aor.
1776 3424 1928 3501 opt.,
1976 3417 2018 3481 i.
2068 3440 2121 3480 e.
2171 3418 2421 3495 utinam,
2460 3413 2629 3501 apud
2676 3413 3047 3500 Euripidem

795 3528 1085 3607 occurrit,
1139 3529 1216 3593 cf.
1268 3527 1488 3595 Valck.
1536 3532 1610 3596 sd
1663 3530 1859 3618 Hipp.
1911 3534 2038 3595 208
2084 3553 2288 3615 neque
2335 3531 2566 3595 desunt
2610 3528 2779 3615 apud
2818 3526 3051 3613 Sopho-

794 3642 949 3707 clem
997 3645 1300 3731 exempla.
1351 3648 1454 3732 Aj.
1506 3650 1658 3725 388,
1708 3645 1786 3711 O.
1838 3646 1913 3710 R.
1968 3648 2115 3725 765,
2164 3645 2333 3710 Phil.
2387 3647 2532 3710 794.

794 3862 900 3928 Vs.
951 3856 1065 3930 30.
1250 3868 1541 3949 κράτιστα
1586 3869 1771 3934 τοίνυν
1815 3873 1929 3932 τῶν
1973 3869 2264 3948 παρόντων
2305 3866 2435 3932 ἐστὶ
2482 3869 2585 3946 νῷν

1233 3979 1387 4046 θεῶν
1434 3982 1580 4047 ἰόντε
1626 3989 1974 4063 προσπεσεῖν
2021 4005 2121 4046 του
2167 3984 2304 4061 πρὸς
2353 3980 2591 4061 βρέτας.

880 4092 1094 4171 Βρέταις
1154 4117 1191 4158 a
1250 4095 1631 4160 comicorum
1689 4094 1988 4179 loquendi
2051 4115 2176 4158 usu
2224 4094 2499 4158 alienum
2552 4101 2647 4157 est
2695 4092 2863 4178 (Lys.
2918 4093 3046 4155 272

793 4206 1063 4271 occurrit
1128 4208 1193 4273 in
1264 4211 1537 4274 carmine
1601 4210 1868 4293 chorico)
1930 4216 1998 4273 et
2056 4207 2385 4274 verborum
2433 4209 2500 4274 iu
2549 4208 2718 4272 hisce
2764 4205 3047 4272 versibus

791 4320 1155 4404 compositio
1217 4323 1515 4407 grandior
1564 4330 1660 4388 est
1706 4345 1894 4407 quam
1916 4330 2229 4411 ‚expectes
2276 4345 2313 4386 a
2361 4323 2553 4387 servis
2599 4322 2764 4385 inter
2813 4344 2878 4386 se
2926 4342 3048 4385 ser·

795 4432 1274 4499 mocinautibus.
1337 4434 1669 4501 Praeterea
1729 4436 1782 4501 si
1847 4436 1909 4500 h.
1973 4436 2016 4501 l.
2080 4458 2206 4500 non
2250 4435 2470 4500 alienis
2516 4432 2624 4499 sed
2669 4436 2799 4499 suis
2845 4431 3047 4498 verbis

790 4565 942 4609 usus
988 4553 1149 4611 esset
1195 4570 1429 4629 servus,
1479 4572 1603 4614 non
1652 4548 2021 4635 protulisset
2064 4548 2414 4629 consilium,
2456 4547 2624 4633 quod
2664 4548 2944 4632 ingenuo
2966 4543 3043 4611 ab
