<?xml version="1.0" encoding="UTF-8"?>
<!DOCTYPE html PUBLIC "-//W3C//DTD XHTML 1.0 Transitional//EN"
    "http://www.w3.org/TR/xhtml1/DTD/xhtml1-transitional.dtd">
<html xmlns="http://www.w3.org/1999/xhtml" xml:lang="en" lang="en">
 <head>
  <title>
</title>
<meta http-equiv="Content-Type" content="text/html;charset=utf-8" />
  <meta name='ocr-system' content='tesseract 3.04.00' />
  <meta name='ocr-capabilities' content='ocr_page ocr_carea ocr_par ocr_line ocrx_word'/>
</head>
<body>
  <div class='ocr_page' id='page_1' title='image "./deparodiaincomo03bakhgoog_0029.png"; bbox 0 0 3875 5634; ppageno 0'>
   <div class='ocr_carea' id='block_1_1' title="bbox 1738 751 3047 818">
    <p class='ocr_par' dir='ltr' id='par_1_1' title="bbox 1738 751 3047 818">
     <span class='ocr_line' id='line_1_1' title="bbox 1738 751 3047 818; baseline 0.004 -5"><span class='ocrx_word' id='word_1_1' title='bbox 1738 765 2202 816; x_wconf 65' lang='lat' dir='ltr'><strong>Aensunsnsns.</strong></span> <span class='ocrx_word' id='word_1_2' title='bbox 3008 751 3047 818; x_wconf 88' lang='grc'><strong>3</strong></span> 
     </span>
    </p>
   </div>
   <div class='ocr_carea' id='block_1_2' title="bbox 813 938 3143 4436">
    <p class='ocr_par' dir='ltr' id='par_1_2' title="bbox 813 938 3116 1819">
     <span class='ocr_line' id='line_1_2' title="bbox 926 938 3090 1028; baseline 0 -23"><span class='ocrx_word' id='word_1_3' title='bbox 926 939 1188 1028; x_wconf 77' lang='lat' dir='ltr'>Saepius</span> <span class='ocrx_word' id='word_1_4' title='bbox 1233 939 1346 1004; x_wconf 89' lang='lat' dir='ltr'><strong>hos</strong></span> <span class='ocrx_word' id='word_1_5' title='bbox 1391 958 1603 1002; x_wconf 85' lang='lat' dir='ltr'><strong>versus</strong></span> <span class='ocrx_word' id='word_1_6' title='bbox 1649 944 1715 1002; x_wconf 88' lang='lat' dir='ltr'><strong>et</strong></span> <span class='ocrx_word' id='word_1_7' title='bbox 1757 945 1954 1002; x_wconf 83' lang='lat' dir='ltr'><strong>totam</strong></span> <span class='ocrx_word' id='word_1_8' title='bbox 1992 938 2152 1003; x_wconf 88' lang='lat' dir='ltr'><strong>hane</strong></span> <span class='ocrx_word' id='word_1_9' title='bbox 2189 938 2539 1004; x_wconf 79' lang='lat' dir='ltr'><strong>comoediae</strong></span> <span class='ocrx_word' id='word_1_10' title='bbox 2578 946 2820 1025; x_wconf 83' lang='lat' dir='ltr'><strong>partem</strong></span> <span class='ocrx_word' id='word_1_11' title='bbox 2856 939 3090 1025; x_wconf 85' lang='lat' dir='ltr'><strong>legens,</strong></span> 
     </span>
     <span class='ocr_line' id='line_1_3' title="bbox 833 1051 3091 1138; baseline 0 -19"><span class='ocrx_word' id='word_1_12' title='bbox 833 1054 1007 1120; x_wconf 87' lang='lat' dir='ltr'><strong>haesi</strong></span> <span class='ocrx_word' id='word_1_13' title='bbox 1053 1061 1119 1119; x_wconf 92' lang='lat' dir='ltr'><strong>et</strong></span> <span class='ocrx_word' id='word_1_14' title='bbox 1156 1051 1234 1117; x_wconf 93' lang='lat' dir='ltr'><strong>ob</strong></span> <span class='ocrx_word' id='word_1_15' title='bbox 1272 1052 1426 1118; x_wconf 82' lang='lat' dir='ltr'><strong>alias</strong></span> <span class='ocrx_word' id='word_1_16' title='bbox 1462 1073 1679 1117; x_wconf 79' lang='lat' dir='ltr'><strong>causas</strong></span> <span class='ocrx_word' id='word_1_17' title='bbox 1717 1059 1781 1116; x_wconf 94' lang='lat' dir='ltr'><strong>et</strong></span> <span class='ocrx_word' id='word_1_18' title='bbox 1818 1051 1897 1116; x_wconf 92' lang='lat' dir='ltr'><strong>ob</strong></span> <span class='ocrx_word' id='word_1_19' title='bbox 1935 1053 2318 1118; x_wconf 81' lang='lat' dir='ltr'><strong>mentionem</strong></span> <span class='ocrx_word' id='word_1_20' title='bbox 2358 1075 2519 1138; x_wconf 89' lang='lat' dir='ltr'><strong>quae</strong></span> <span class='ocrx_word' id='word_1_21' title='bbox 2553 1053 2627 1118; x_wconf 87' lang='lat' dir='ltr'><strong>fit</strong></span> <span class='ocrx_word' id='word_1_22' title='bbox 2664 1058 2767 1118; x_wconf 80' lang='grc' dir='ltr'><strong>τοῦ</strong></span> <span class='ocrx_word' id='word_1_23' title='bbox 2803 1051 3091 1130; x_wconf 73' lang='grc' dir='ltr'><strong><em>ἐπιξήνου.</em></strong></span> 
     </span>
     <span class='ocr_line' id='line_1_4' title="bbox 839 1164 3098 1251; baseline 0 -19"><span class='ocrx_word' id='word_1_24' title='bbox 839 1168 1150 1246; x_wconf 81' lang='lat' dir='ltr'><strong>Truncus,</strong></span> <span class='ocrx_word' id='word_1_25' title='bbox 1198 1166 1373 1251; x_wconf 82' lang='lat' dir='ltr'><strong>quali</strong></span> <span class='ocrx_word' id='word_1_26' title='bbox 1416 1164 1572 1230; x_wconf 85' lang='lat' dir='ltr'><strong>lanii</strong></span> <span class='ocrx_word' id='word_1_27' title='bbox 1619 1172 1911 1244; x_wconf 86' lang='lat' dir='ltr'><strong>utuntur,</strong></span> <span class='ocrx_word' id='word_1_28' title='bbox 1962 1166 2026 1230; x_wconf 82' lang='lat' dir='ltr'><strong>in</strong></span> <span class='ocrx_word' id='word_1_29' title='bbox 2072 1190 2318 1232; x_wconf 85' lang='lat' dir='ltr'><strong>scenam</strong></span> <span class='ocrx_word' id='word_1_30' title='bbox 2364 1168 2621 1233; x_wconf 82' lang='lat' dir='ltr'><strong>affertur</strong></span> <span class='ocrx_word' id='word_1_31' title='bbox 2665 1191 2755 1233; x_wconf 82' lang='lat' dir='ltr'><strong>vs.</strong></span> <span class='ocrx_word' id='word_1_32' title='bbox 2798 1169 2946 1249; x_wconf 85' lang='lat'><strong>366,</strong></span> <span class='ocrx_word' id='word_1_33' title='bbox 2988 1166 3098 1233; x_wconf 89' lang='lat' dir='ltr'><strong>Di·</strong></span> 
     </span>
     <span class='ocr_line' id='line_1_5' title="bbox 838 1279 3082 1369; baseline -0 -21"><span class='ocrx_word' id='word_1_34' title='bbox 838 1281 1148 1369; x_wconf 84' lang='lat' dir='ltr'><strong>caeopolis</strong></span> <span class='ocrx_word' id='word_1_35' title='bbox 1189 1286 1383 1367; x_wconf 85' lang='lat' dir='ltr'><strong>eaput</strong></span> <span class='ocrx_word' id='word_1_36' title='bbox 1426 1279 1696 1366; x_wconf 83' lang='lat' dir='ltr'><strong>imponit</strong></span> <span class='ocrx_word' id='word_1_37' title='bbox 1742 1286 1807 1344; x_wconf 92' lang='lat' dir='ltr'><strong>et</strong></span> <span class='ocrx_word' id='word_1_38' title='bbox 1848 1281 1937 1344; x_wconf 87' lang='lat' dir='ltr'><strong>sie</strong></span> <span class='ocrx_word' id='word_1_39' title='bbox 1976 1280 2404 1346; x_wconf 84' lang='lat' dir='ltr'><strong>Acharnenses</strong></span> <span class='ocrx_word' id='word_1_40' title='bbox 2439 1280 2787 1366; x_wconf 81' lang='lat' dir='ltr'><strong>alloquitur</strong></span> <span class='ocrx_word' id='word_1_41' title='bbox 2821 1305 2911 1347; x_wconf 91' lang='grc' dir='ltr'><strong>νε.</strong></span> <span class='ocrx_word' id='word_1_42' title='bbox 2951 1283 3082 1347; x_wconf 77' lang='lat'><strong>480</strong></span> 
     </span>
     <span class='ocr_line' id='line_1_6' title="bbox 839 1391 3116 1483; baseline 0 -22"><span class='ocrx_word' id='word_1_43' title='bbox 839 1418 974 1481; x_wconf 85' lang='lat' dir='ltr'><strong>sqq.</strong></span> <span class='ocrx_word' id='word_1_44' title='bbox 1015 1394 1197 1476; x_wconf 79' lang='lat' dir='ltr'><strong>Quae</strong></span> <span class='ocrx_word' id='word_1_45' title='bbox 1234 1393 1439 1459; x_wconf 89' lang='lat' dir='ltr'><strong>omnia</strong></span> <span class='ocrx_word' id='word_1_46' title='bbox 1482 1391 1721 1476; x_wconf 83' lang='lat' dir='ltr'><strong>insulsa</strong></span> <span class='ocrx_word' id='word_1_47' title='bbox 1756 1393 1967 1478; x_wconf 88' lang='lat' dir='ltr'><strong>potius</strong></span> <span class='ocrx_word' id='word_1_48' title='bbox 1993 1401 2056 1458; x_wconf 89' lang='lat' dir='ltr'><strong>et</strong></span> <span class='ocrx_word' id='word_1_49' title='bbox 2078 1402 2183 1468; x_wconf 75' lang='grc' dir='ltr'><strong>τῆς</strong></span> <span class='ocrx_word' id='word_1_50' title='bbox 2206 1400 2485 1476; x_wconf 79' lang='grc' dir='ltr'><strong>φορτικῆς</strong></span> <span class='ocrx_word' id='word_1_51' title='bbox 2506 1395 2820 1476; x_wconf 75' lang='grc' dir='ltr'><strong><em>κωμῳδίας</em></strong></span> <span class='ocrx_word' id='word_1_52' title='bbox 2844 1394 3116 1483; x_wconf 83' lang='lat' dir='ltr'><strong>propria</strong></span> 
     </span>
     <span class='ocr_line' id='line_1_7' title="bbox 841 1505 3091 1601; baseline -0.002 -25"><span class='ocrx_word' id='word_1_53' title='bbox 841 1532 1030 1595; x_wconf 89' lang='lat' dir='ltr'><strong>quam</strong></span> <span class='ocrx_word' id='word_1_54' title='bbox 1073 1510 1274 1574; x_wconf 82' lang='lat' dir='ltr'><strong>facete</strong></span> <span class='ocrx_word' id='word_1_55' title='bbox 1312 1507 1460 1573; x_wconf 85' lang='lat' dir='ltr'><strong>fieta</strong></span> <span class='ocrx_word' id='word_1_56' title='bbox 1496 1506 1651 1571; x_wconf 90' lang='lat' dir='ltr'><strong>mihi</strong></span> <span class='ocrx_word' id='word_1_57' title='bbox 1677 1505 2060 1572; x_wconf 74' lang='lat' dir='ltr'><strong>videbantur</strong></span> <span class='ocrx_word' id='word_1_58' title='bbox 2098 1508 2292 1572; x_wconf 85' lang='lat' dir='ltr'><strong>donec</strong></span> <span class='ocrx_word' id='word_1_59' title='bbox 2330 1507 2522 1572; x_wconf 84' lang='lat' dir='ltr'><strong>incidi</strong></span> <span class='ocrx_word' id='word_1_60' title='bbox 2560 1508 2627 1573; x_wconf 92' lang='lat' dir='ltr'><strong>in</strong></span> <span class='ocrx_word' id='word_1_61' title='bbox 2666 1508 3091 1601; x_wconf 58' lang='lat' dir='ltr'><strong>fgggmeptnm</strong></span> 
     </span>
     <span class='ocr_line' id='line_1_8' title="bbox 840 1619 3090 1719; baseline -0.002 -30"><span class='ocrx_word' id='word_1_62' title='bbox 840 1622 1697 1719; x_wconf 48' lang='lat' dir='ltr'><strong>Tffl-„Qi.Eld{ffi7062</strong></span> <span class='ocrx_word' id='word_1_63' title='bbox 1743 1619 1912 1705; x_wconf 91' lang='lat' dir='ltr'><strong>quod</strong></span> <span class='ocrx_word' id='word_1_64' title='bbox 1957 1644 2125 1687; x_wconf 85' lang='lat' dir='ltr'><strong>nune</strong></span> <span class='ocrx_word' id='word_1_65' title='bbox 2173 1621 2353 1687; x_wconf 84' lang='lat' dir='ltr'><strong>video</strong></span> <span class='ocrx_word' id='word_1_66' title='bbox 2398 1621 2522 1687; x_wconf 85' lang='lat' dir='ltr'><strong>iam</strong></span> <span class='ocrx_word' id='word_1_67' title='bbox 2568 1645 2605 1686; x_wconf 82' lang='lat' dir='ltr'>a</span> <span class='ocrx_word' id='word_1_68' title='bbox 2651 1621 2973 1689; x_wconf 84' lang='lat' dir='ltr'><strong>Taeubero</strong></span> <span class='ocrx_word' id='word_1_69' title='bbox 3023 1628 3090 1687; x_wconf 90' lang='lat' dir='ltr'><strong>et</strong></span> 
     </span>
     <span class='ocr_line' id='line_1_9' title="bbox 813 1736 1738 1819; baseline -0.005 -15"><span class='ocrx_word' id='word_1_70' title='bbox 813 1738 1184 1819; x_wconf 47' lang='lat' dir='ltr'><strong>‚Ribbeckio</strong></span> <span class='ocrx_word' id='word_1_71' title='bbox 1231 1736 1535 1804; x_wconf 83' lang='lat' dir='ltr'><strong>collatum</strong></span> <span class='ocrx_word' id='word_1_72' title='bbox 1587 1757 1738 1812; x_wconf 87' lang='lat' dir='ltr'><strong>esse,</strong></span> 
     </span>
    </p>

    <p class='ocr_par' dir='ltr' id='par_1_3' title="bbox 1222 1848 2753 2157">
     <span class='ocr_line' id='line_1_10' title="bbox 1222 1848 2753 1931; baseline -0.001 -15"><span class='ocrx_word' id='word_1_73' title='bbox 1222 1848 1641 1929; x_wconf 69' lang='grc' dir='ltr'><strong><em>Ἀγάμεμνον,</em></strong></span> <span class='ocrx_word' id='word_1_74' title='bbox 1691 1848 1809 1914; x_wconf 77' lang='grc' dir='ltr'><strong><em>οὐδ’</em></strong></span> <span class='ocrx_word' id='word_1_75' title='bbox 1867 1850 1914 1913; x_wconf 77' lang='grc' dir='ltr'><strong><em>εἶ</em></strong></span> <span class='ocrx_word' id='word_1_76' title='bbox 1960 1849 2206 1915; x_wconf 78' lang='grc' dir='ltr'><strong><em>πέλεκυν</em></strong></span> <span class='ocrx_word' id='word_1_77' title='bbox 2250 1851 2310 1915; x_wconf 83' lang='grc' dir='ltr'><strong><em>ἕν</em></strong></span> <span class='ocrx_word' id='word_1_78' title='bbox 2354 1858 2550 1931; x_wconf 77' lang='grc' dir='ltr'><strong><em>χεροῖν</em></strong></span> <span class='ocrx_word' id='word_1_79' title='bbox 2594 1848 2753 1931; x_wconf 78' lang='grc' dir='ltr'><strong><em>ἔχων</em></strong></span> 
     </span>
     <span class='ocr_line' id='line_1_11' title="bbox 1228 1960 2587 2043; baseline -0.001 -14"><span class='ocrx_word' id='word_1_80' title='bbox 1228 1963 1439 2042; x_wconf 80' lang='grc' dir='ltr'><strong><em>μέλλοι</em></strong></span> <span class='ocrx_word' id='word_1_81' title='bbox 1482 1986 1572 2035; x_wconf 88' lang='grc' dir='ltr'><strong>τις</strong></span> <span class='ocrx_word' id='word_1_82' title='bbox 1616 1963 1695 2035; x_wconf 87' lang='grc' dir='ltr'><strong><em>εἶς</em></strong></span> <span class='ocrx_word' id='word_1_83' title='bbox 1742 1960 2043 2043; x_wconf 73' lang='grc' dir='ltr'><strong><em>τράχηλον</em></strong></span> <span class='ocrx_word' id='word_1_84' title='bbox 2088 1962 2380 2041; x_wconf 74' lang='grc' dir='ltr'><strong><em>ἐμβαλεῖν</em></strong></span> <span class='ocrx_word' id='word_1_85' title='bbox 2424 1964 2587 2042; x_wconf 74' lang='grc' dir='ltr'><strong><em>ἐμὸν,</em></strong></span> 
     </span>
     <span class='ocr_line' id='line_1_12' title="bbox 1226 2073 2460 2157; baseline -0.001 -16"><span class='ocrx_word' id='word_1_86' title='bbox 1226 2077 1551 2157; x_wconf 74' lang='grc' dir='ltr'><strong><em>σιγήσομαι</em></strong></span> <span class='ocrx_word' id='word_1_87' title='bbox 1597 2073 1796 2140; x_wconf 71' lang='grc' dir='ltr'><strong><em>δίκαιοί</em></strong></span> <span class='ocrx_word' id='word_1_88' title='bbox 1842 2075 1905 2154; x_wconf 68' lang='grc' dir='ltr'><strong>γ’</strong></span> <span class='ocrx_word' id='word_1_89' title='bbox 1952 2076 2239 2141; x_wconf 70' lang='grc' dir='ltr'><strong><em>ἀντειπεῖν</em></strong></span> <span class='ocrx_word' id='word_1_90' title='bbox 2286 2074 2460 2156; x_wconf 79' lang='grc' dir='ltr'><strong><em>ἔχων.</em></strong></span> 
     </span>
    </p>

    <p class='ocr_par' dir='ltr' id='par_1_4' title="bbox 844 2187 3143 3189">
     <span class='ocr_line' id='line_1_13' title="bbox 936 2187 3098 2277; baseline -0.001 -19"><span class='ocrx_word' id='word_1_91' title='bbox 936 2191 1117 2273; x_wconf 83' lang='lat' dir='ltr'><strong>Quae</strong></span> <span class='ocrx_word' id='word_1_92' title='bbox 1165 2190 1351 2257; x_wconf 85' lang='lat' dir='ltr'><strong>verba</strong></span> <span class='ocrx_word' id='word_1_93' title='bbox 1397 2195 1568 2268; x_wconf 81' lang='lat' dir='ltr'><strong>sunt,</strong></span> <span class='ocrx_word' id='word_1_94' title='bbox 1616 2195 1690 2254; x_wconf 90' lang='lat' dir='ltr'><strong>ut</strong></span> <span class='ocrx_word' id='word_1_95' title='bbox 1729 2187 1999 2269; x_wconf 86' lang='lat' dir='ltr'><strong>videtur,</strong></span> <span class='ocrx_word' id='word_1_96' title='bbox 2038 2189 2234 2274; x_wconf 85' lang='lat' dir='ltr'><strong>ipsius</strong></span> <span class='ocrx_word' id='word_1_97' title='bbox 2273 2188 2533 2275; x_wconf 80' lang='lat' dir='ltr'><strong>Telephi</strong></span> <span class='ocrx_word' id='word_1_98' title='bbox 2571 2211 2774 2275; x_wconf 89' lang='lat' dir='ltr'><strong>quem·</strong></span> <span class='ocrx_word' id='word_1_99' title='bbox 2797 2191 3098 2277; x_wconf 88' lang='lat' dir='ltr'><strong>impedire</strong></span> 
     </span>
     <span class='ocr_line' id='line_1_14' title="bbox 844 2301 3104 2390; baseline -0 -18"><span class='ocrx_word' id='word_1_100' title='bbox 844 2308 1070 2374; x_wconf 88' lang='lat' dir='ltr'><strong>volunt</strong></span> <span class='ocrx_word' id='word_1_101' title='bbox 1131 2306 1356 2372; x_wconf 85' lang='lat' dir='ltr'><strong>Graeci</strong></span> <span class='ocrx_word' id='word_1_102' title='bbox 1417 2304 1754 2390; x_wconf 85' lang='lat' dir='ltr'><strong>quominus</strong></span> <span class='ocrx_word' id='word_1_103' title='bbox 1809 2301 1994 2370; x_wconf 82' lang='lat' dir='ltr'><strong>verba</strong></span> <span class='ocrx_word' id='word_1_104' title='bbox 2052 2304 2256 2368; x_wconf 83' lang='lat' dir='ltr'><strong>faeiat.</strong></span> <span class='ocrx_word' id='word_1_105' title='bbox 2317 2303 2462 2368; x_wconf 86' lang='lat' dir='ltr'><strong>Huc</strong></span> <span class='ocrx_word' id='word_1_106' title='bbox 2517 2304 2729 2369; x_wconf 82' lang='lat' dir='ltr'><strong>trunci</strong></span> <span class='ocrx_word' id='word_1_107' title='bbox 2775 2304 3104 2371; x_wconf 86' lang='lat' dir='ltr'><strong>inventum</strong></span> 
     </span>
     <span class='ocr_line' id='line_1_15' title="bbox 845 2418 3100 2508; baseline -0.002 -20"><span class='ocrx_word' id='word_1_108' title='bbox 845 2430 1121 2508; x_wconf 87' lang='lat' dir='ltr'><strong>spectare</strong></span> <span class='ocrx_word' id='word_1_109' title='bbox 1171 2419 1505 2485; x_wconf 85' lang='lat' dir='ltr'><strong>verisimile</strong></span> <span class='ocrx_word' id='word_1_110' title='bbox 1543 2426 1657 2499; x_wconf 90' lang='lat' dir='ltr'><strong>est,</strong></span> <span class='ocrx_word' id='word_1_111' title='bbox 1700 2440 1841 2484; x_wconf 89' lang='lat' dir='ltr'><strong>cum</strong></span> <span class='ocrx_word' id='word_1_112' title='bbox 1881 2418 2234 2504; x_wconf 86' lang='lat' dir='ltr'><strong>saepissime</strong></span> <span class='ocrx_word' id='word_1_113' title='bbox 2263 2418 2330 2482; x_wconf 89' lang='lat' dir='ltr'><strong>in</strong></span> <span class='ocrx_word' id='word_1_114' title='bbox 2356 2418 2863 2485; x_wconf 83' lang='lat' dir='ltr'><strong>Acharnensibus</strong></span> <span class='ocrx_word' id='word_1_115' title='bbox 2884 2419 3100 2485; x_wconf 86' lang='lat' dir='ltr'><strong>drama</strong></span> 
     </span>
     <span class='ocr_line' id='line_1_16' title="bbox 844 2530 3103 2621; baseline -0.002 -21"><span class='ocrx_word' id='word_1_116' title='bbox 844 2535 1161 2621; x_wconf 78' lang='lat' dir='ltr'><strong>Telephus</strong></span> <span class='ocrx_word' id='word_1_117' title='bbox 1226 2532 1690 2621; x_wconf 77' lang='lat' dir='ltr'><strong>perstringatur</strong></span> <span class='ocrx_word' id='word_1_118' title='bbox 1756 2540 1820 2596; x_wconf 88' lang='lat' dir='ltr'><strong>et</strong></span> <span class='ocrx_word' id='word_1_119' title='bbox 1878 2531 2164 2618; x_wconf 87' lang='lat' dir='ltr'><strong>inprimis</strong></span> <span class='ocrx_word' id='word_1_120' title='bbox 2227 2554 2371 2597; x_wconf 88' lang='lat' dir='ltr'><strong>eum</strong></span> <span class='ocrx_word' id='word_1_121' title='bbox 2432 2530 2847 2621; x_wconf 75' lang='lat' dir='ltr'><strong>DicaeopoIiS‚</strong></span> <span class='ocrx_word' id='word_1_122' title='bbox 2913 2538 3103 2618; x_wconf 87' lang='lat' dir='ltr'><strong>eaput</strong></span> 
     </span>
     <span class='ocr_line' id='line_1_17' title="bbox 844 2645 3099 2736; baseline -0 -23"><span class='ocrx_word' id='word_1_123' title='bbox 844 2656 1073 2715; x_wconf 88' lang='lat' dir='ltr'><strong>trunco</strong></span> <span class='ocrx_word' id='word_1_124' title='bbox 1112 2649 1444 2736; x_wconf 90' lang='lat' dir='ltr'><strong>imponens</strong></span> <span class='ocrx_word' id='word_1_125' title='bbox 1481 2654 1547 2710; x_wconf 91' lang='lat' dir='ltr'><strong>et</strong></span> <span class='ocrx_word' id='word_1_126' title='bbox 1584 2648 1921 2711; x_wconf 87' lang='lat' dir='ltr'><strong>orationem</strong></span> <span class='ocrx_word' id='word_1_127' title='bbox 1965 2645 2199 2711; x_wconf 86' lang='lat' dir='ltr'><strong>habens</strong></span> <span class='ocrx_word' id='word_1_128' title='bbox 2234 2647 2481 2731; x_wconf 86' lang='lat' dir='ltr'><strong>qualem</strong></span> <span class='ocrx_word' id='word_1_129' title='bbox 2519 2645 2745 2712; x_wconf 77' lang='lat' dir='ltr'><strong>habuit</strong></span> <span class='ocrx_word' id='word_1_130' title='bbox 2768 2645 3099 2733; x_wconf 87' lang='lat' dir='ltr'><strong>Telephus,</strong></span> 
     </span>
     <span class='ocr_line' id='line_1_18' title="bbox 846 2758 3104 2847; baseline -0.002 -19"><span class='ocrx_word' id='word_1_131' title='bbox 846 2764 1127 2828; x_wconf 90' lang='lat' dir='ltr'><strong>eiusdem</strong></span> <span class='ocrx_word' id='word_1_132' title='bbox 1172 2759 1437 2847; x_wconf 88' lang='lat' dir='ltr'><strong>Telephi</strong></span> <span class='ocrx_word' id='word_1_133' title='bbox 1480 2760 1704 2847; x_wconf 86' lang='lat' dir='ltr'><strong>pannis</strong></span> <span class='ocrx_word' id='word_1_134' title='bbox 1749 2759 2015 2825; x_wconf 91' lang='lat' dir='ltr'><strong>indutus</strong></span> <span class='ocrx_word' id='word_1_135' title='bbox 2058 2760 2270 2838; x_wconf 85' lang='lat' dir='ltr'><strong>fuerit,</strong></span> <span class='ocrx_word' id='word_1_136' title='bbox 2317 2782 2406 2825; x_wconf 84' lang='lat' dir='ltr'><strong>vs.</strong></span> <span class='ocrx_word' id='word_1_137' title='bbox 2447 2760 2577 2824; x_wconf 83' lang='lat'><strong>430</strong></span> <span class='ocrx_word' id='word_1_138' title='bbox 2618 2781 2752 2845; x_wconf 91' lang='lat' dir='ltr'><strong>sqq.</strong></span> <span class='ocrx_word' id='word_1_139' title='bbox 2794 2758 2960 2824; x_wconf 81' lang='lat' dir='ltr'><strong>Fieri</strong></span> <span class='ocrx_word' id='word_1_140' title='bbox 2997 2782 3104 2846; x_wconf 89' lang='lat' dir='ltr'><strong>po-</strong></span> 
     </span>
     <span class='ocr_line' id='line_1_19' title="bbox 845 2872 3097 2960; baseline -0.002 -17"><span class='ocrx_word' id='word_1_141' title='bbox 845 2883 974 2943; x_wconf 85' lang='lat' dir='ltr'><strong>test</strong></span> <span class='ocrx_word' id='word_1_142' title='bbox 1042 2883 1119 2940; x_wconf 87' lang='lat' dir='ltr'><strong>ut</strong></span> <span class='ocrx_word' id='word_1_143' title='bbox 1184 2876 1253 2940; x_wconf 89' lang='lat' dir='ltr'><strong>in</strong></span> <span class='ocrx_word' id='word_1_144' title='bbox 1313 2873 1636 2959; x_wconf 84' lang='lat' dir='ltr'><strong>Euripidis</strong></span> <span class='ocrx_word' id='word_1_145' title='bbox 1696 2872 2017 2960; x_wconf 82' lang='lat' dir='ltr'><strong>tragoedis</strong></span> <span class='ocrx_word' id='word_1_146' title='bbox 2075 2872 2351 2959; x_wconf 90' lang='lat' dir='ltr'><strong>Telepho</strong></span> <span class='ocrx_word' id='word_1_147' title='bbox 2414 2872 2682 2939; x_wconf 82' lang='lat' dir='ltr'><strong>Graecos</strong></span> <span class='ocrx_word' id='word_1_148' title='bbox 2742 2873 3097 2940; x_wconf 82' lang='lat' dir='ltr'><strong>allocuturo</strong></span> 
     </span>
     <span class='ocr_line' id='line_1_20' title="bbox 848 2986 3143 3075; baseline -0.001 -20"><span class='ocrx_word' id='word_1_149' title='bbox 848 2989 1161 3055; x_wconf 75' lang='lat' dir='ltr'><strong>adstiterit</strong></span> <span class='ocrx_word' id='word_1_150' title='bbox 1222 2988 1402 3053; x_wconf 89' lang='lat' dir='ltr'><strong>miles</strong></span> <span class='ocrx_word' id='word_1_151' title='bbox 1460 2986 1727 3052; x_wconf 82' lang='lat' dir='ltr'><strong>securim</strong></span> <span class='ocrx_word' id='word_1_152' title='bbox 1790 3009 1984 3052; x_wconf 86' lang='lat' dir='ltr'><strong>manu</strong></span> <span class='ocrx_word' id='word_1_153' title='bbox 2043 2995 2283 3065; x_wconf 88' lang='lat' dir='ltr'><strong>tenens,</strong></span> <span class='ocrx_word' id='word_1_154' title='bbox 2345 2994 2410 3053; x_wconf 88' lang='lat' dir='ltr'><strong>et</strong></span> <span class='ocrx_word' id='word_1_155' title='bbox 2469 2987 2594 3052; x_wconf 89' lang='lat' dir='ltr'><strong>hue</strong></span> <span class='ocrx_word' id='word_1_156' title='bbox 2653 2988 2967 3075; x_wconf 78' lang='lat' dir='ltr'><strong>pertineat</strong></span> <span class='ocrx_word' id='word_1_157' title='bbox 3025 2988 3143 3073; x_wconf 29' lang='lat' dir='ltr'><strong>fr..</strong></span> 
     </span>
     <span class='ocr_line' id='line_1_21' title="bbox 849 3099 1369 3189; baseline -0.008 -21"><span class='ocrx_word' id='word_1_158' title='bbox 849 3102 1056 3189; x_wconf 85' lang='lat' dir='ltr'><strong>adesp.</strong></span> <span class='ocrx_word' id='word_1_159' title='bbox 1105 3104 1234 3167; x_wconf 80' lang='lat'><strong>340</strong></span> <span class='ocrx_word' id='word_1_160' title='bbox 1282 3099 1369 3165; x_wconf 90' lang='lat' dir='ltr'><strong>N.</strong></span> 
     </span>
    </p>

    <p class='ocr_par' dir='ltr' id='par_1_5' title="bbox 1299 3214 2694 3295">
     <span class='ocr_line' id='line_1_22' title="bbox 1299 3214 2694 3295; baseline 0.001 -16"><span class='ocrx_word' id='word_1_161' title='bbox 1299 3215 1475 3288; x_wconf 75' lang='grc' dir='ltr'><strong><em>δεινὸς</em></strong></span> <span class='ocrx_word' id='word_1_162' title='bbox 1522 3214 1819 3289; x_wconf 68' lang='grc' dir='ltr'><strong><em>κολαστὴς</em></strong></span> <span class='ocrx_word' id='word_1_163' title='bbox 1866 3215 2116 3288; x_wconf 78' lang='grc' dir='ltr'><strong><em>πέλεκυς</em></strong></span> <span class='ocrx_word' id='word_1_164' title='bbox 2160 3215 2413 3295; x_wconf 81' lang='grc' dir='ltr'><strong><em>αὐχένος</em></strong></span> <span class='ocrx_word' id='word_1_165' title='bbox 2457 3215 2694 3294; x_wconf 77' lang='grc' dir='ltr'><strong><em>τομεύς,</em></strong></span> 
     </span>
    </p>

    <p class='ocr_par' dir='ltr' id='par_1_6' title="bbox 850 3328 3110 4198">
     <span class='ocr_line' id='line_1_23' title="bbox 850 3328 3105 3413; baseline 0 -18"><span class='ocrx_word' id='word_1_166' title='bbox 850 3329 957 3395; x_wconf 86' lang='lat' dir='ltr'><strong>sed</strong></span> <span class='ocrx_word' id='word_1_167' title='bbox 1003 3336 1155 3394; x_wconf 88' lang='lat' dir='ltr'><strong>utut</strong></span> <span class='ocrx_word' id='word_1_168' title='bbox 1200 3336 1314 3409; x_wconf 89' lang='lat' dir='ltr'><strong>est,</strong></span> <span class='ocrx_word' id='word_1_169' title='bbox 1361 3328 1481 3394; x_wconf 92' lang='lat' dir='ltr'><strong>nisi</strong></span> <span class='ocrx_word' id='word_1_170' title='bbox 1531 3328 1682 3410; x_wconf 86' lang='lat' dir='ltr'><strong>huic</strong></span> <span class='ocrx_word' id='word_1_171' title='bbox 1730 3329 1865 3394; x_wconf 88' lang='lat' dir='ltr'><strong>loeo</strong></span> <span class='ocrx_word' id='word_1_172' title='bbox 1912 3330 2227 3413; x_wconf 75' lang='lat' dir='ltr'><strong>perediam</strong></span> <span class='ocrx_word' id='word_1_173' title='bbox 2287 3330 2483 3394; x_wconf 86' lang='lat' dir='ltr'><strong>inesse</strong></span> <span class='ocrx_word' id='word_1_174' title='bbox 2540 3331 2896 3411; x_wconf 87' lang='lat' dir='ltr'><strong>statuimus,</strong></span> <span class='ocrx_word' id='word_1_175' title='bbox 2945 3330 3105 3395; x_wconf 83' lang='lat' dir='ltr'><strong>nihi]</strong></span> 
     </span>
     <span class='ocr_line' id='line_1_24' title="bbox 851 3442 3109 3529; baseline -0.001 -19"><span class='ocrx_word' id='word_1_176' title='bbox 851 3445 1173 3510; x_wconf 80' lang='lat' dir='ltr'><strong>continere</strong></span> <span class='ocrx_word' id='word_1_177' title='bbox 1222 3442 1473 3509; x_wconf 86' lang='lat' dir='ltr'><strong>videtur</strong></span> <span class='ocrx_word' id='word_1_178' title='bbox 1517 3443 1685 3528; x_wconf 93' lang='lat' dir='ltr'><strong>quod</strong></span> <span class='ocrx_word' id='word_1_179' title='bbox 1734 3443 1963 3507; x_wconf 88' lang='lat' dir='ltr'><strong>summi</strong></span> <span class='ocrx_word' id='word_1_180' title='bbox 2007 3444 2221 3509; x_wconf 81' lang='lat' dir='ltr'><strong>comici</strong></span> <span class='ocrx_word' id='word_1_181' title='bbox 2270 3444 2523 3529; x_wconf 87' lang='lat' dir='ltr'><strong>ingenio</strong></span> <span class='ocrx_word' id='word_1_182' title='bbox 2568 3444 2831 3528; x_wconf 86' lang='lat' dir='ltr'><strong>dignum</strong></span> <span class='ocrx_word' id='word_1_183' title='bbox 2870 3444 2969 3509; x_wconf 88' lang='lat' dir='ltr'><strong>sit.</strong></span> <span class='ocrx_word' id='word_1_184' title='bbox 3009 3442 3109 3508; x_wconf 84' lang='lat' dir='ltr'><strong>De&#39;</strong></span> 
     </span>
     <span class='ocr_line' id='line_1_25' title="bbox 851 3555 3105 3673; baseline -0 -51"><span class='ocrx_word' id='word_1_185' title='bbox 851 3557 1129 3673; x_wconf 48' lang='lat' dir='ltr'><strong>Telepho</strong></span> <span class='ocrx_word' id='word_1_186' title='bbox 1174 3556 1339 3623; x_wconf 81' lang='lat' dir='ltr'><strong>infra</strong></span> <span class='ocrx_word' id='word_1_187' title='bbox 1388 3556 1571 3643; x_wconf 91' lang='lat' dir='ltr'><strong>plura</strong></span> <span class='ocrx_word' id='word_1_188' title='bbox 1616 3556 1930 3635; x_wconf 80' lang='lat' dir='ltr'><strong>dicemus3</strong></span> <span class='ocrx_word' id='word_1_189' title='bbox 1980 3557 2102 3620; x_wconf 85' lang='lat' dir='ltr'><strong>iam</strong></span> <span class='ocrx_word' id='word_1_190' title='bbox 2147 3556 2224 3621; x_wconf 91' lang='lat' dir='ltr'><strong>de</strong></span> <span class='ocrx_word' id='word_1_191' title='bbox 2269 3555 2388 3621; x_wconf 88' lang='lat' dir='ltr'><strong>hoc</strong></span> <span class='ocrx_word' id='word_1_192' title='bbox 2434 3556 2571 3622; x_wconf 84' lang='lat' dir='ltr'><strong>loeo</strong></span> <span class='ocrx_word' id='word_1_193' title='bbox 2611 3557 2952 3623; x_wconf 81' lang='lat' dir='ltr'><strong>videndum</strong></span> <span class='ocrx_word' id='word_1_194' title='bbox 2989 3564 3105 3622; x_wconf 89' lang='lat' dir='ltr'><strong>est.</strong></span> 
     </span>
     <span class='ocr_line' id='line_1_26' title="bbox 888 3670 3108 3755; baseline 0 -18"><span class='ocrx_word' id='word_1_195' title='bbox 888 3686 897 3743; x_wconf 62' lang='grc' dir='ltr'>ἐ</span> <span class='ocrx_word' id='word_1_196' title='bbox 941 3671 1222 3737; x_wconf 81' lang='lat' dir='ltr'><strong>Mettum</strong></span> <span class='ocrx_word' id='word_1_197' title='bbox 1291 3670 1535 3745; x_wconf 85' lang='lat' dir='ltr'><strong>laborat</strong></span> <span class='ocrx_word' id='word_1_198' title='bbox 1603 3680 1668 3734; x_wconf 86' lang='lat' dir='ltr'><strong>et</strong></span> <span class='ocrx_word' id='word_1_199' title='bbox 1729 3670 2024 3735; x_wconf 88' lang='lat' dir='ltr'><strong>orationis</strong></span> <span class='ocrx_word' id='word_1_200' title='bbox 2079 3692 2295 3736; x_wconf 86' lang='lat' dir='ltr'><strong>nexus.</strong></span> <span class='ocrx_word' id='word_1_201' title='bbox 2357 3670 2714 3755; x_wconf 86' lang='lat' dir='ltr'><strong>Utrumque</strong></span> <span class='ocrx_word' id='word_1_202' title='bbox 2777 3673 3108 3737; x_wconf 87' lang='lat' dir='ltr'><strong>restituere</strong></span> 
     </span>
     <span class='ocr_line' id='line_1_27' title="bbox 853 3771 3110 3851; baseline 0 -1"><span class='ocrx_word' id='word_1_203' title='bbox 853 3771 1115 3851; x_wconf 61' lang='lat' dir='ltr'><strong>conatur</strong></span> <span class='ocrx_word' id='word_1_204' title='bbox 1180 3783 1499 3849; x_wconf 83' lang='lat' dir='ltr'><strong>Hamaker</strong></span> <span class='ocrx_word' id='word_1_205' title='bbox 1558 3783 1822 3849; x_wconf 88' lang='lat' dir='ltr'><strong>delendo</strong></span> <span class='ocrx_word' id='word_1_206' title='bbox 1884 3807 2000 3848; x_wconf 88' lang='lat' dir='ltr'><strong>vss.</strong></span> <span class='ocrx_word' id='word_1_207' title='bbox 2066 3786 2194 3848; x_wconf 82' lang='lat'><strong>316</strong></span> <span class='ocrx_word' id='word_1_208' title='bbox 2256 3791 2320 3848; x_wconf 91' lang='lat' dir='ltr'><strong>et</strong></span> <span class='ocrx_word' id='word_1_209' title='bbox 2383 3786 2531 3849; x_wconf 85' lang='grc'><strong>318.</strong></span> <span class='ocrx_word' id='word_1_210' title='bbox 2596 3788 2686 3849; x_wconf 82' lang='lat' dir='ltr'><strong>At</strong></span> <span class='ocrx_word' id='word_1_211' title='bbox 2733 3785 2848 3849; x_wconf 83' lang='lat' dir='ltr'><strong>hoc</strong></span> <span class='ocrx_word' id='word_1_212' title='bbox 2895 3807 3110 3851; x_wconf 87' lang='lat' dir='ltr'><strong>revera</strong></span> 
     </span>
     <span class='ocr_line' id='line_1_28' title="bbox 853 3897 3106 3983; baseline 0 -20"><span class='ocrx_word' id='word_1_213' title='bbox 853 3908 947 3963; x_wconf 87' lang='lat' dir='ltr'><strong>est</strong></span> <span class='ocrx_word' id='word_1_214' title='bbox 1006 3921 1187 3963; x_wconf 81' lang='grc' dir='ltr'><strong><em>κακον</em></strong></span> <span class='ocrx_word' id='word_1_215' title='bbox 1246 3899 1414 3978; x_wconf 72' lang='grc' dir='ltr'><strong><em>κακῷ</em></strong></span> <span class='ocrx_word' id='word_1_216' title='bbox 1462 3898 1679 3969; x_wconf 67' lang='grc' dir='ltr'><strong><em>ἰᾶσθαι,</em></strong></span> <span class='ocrx_word' id='word_1_217' title='bbox 1730 3919 1869 3961; x_wconf 85' lang='lat' dir='ltr'><strong>nam</strong></span> <span class='ocrx_word' id='word_1_218' title='bbox 1923 3920 2072 3961; x_wconf 79' lang='lat' dir='ltr'><strong>vsm.</strong></span> <span class='ocrx_word' id='word_1_219' title='bbox 2126 3899 2251 3960; x_wconf 72' lang='lat'><strong>318</strong></span> <span class='ocrx_word' id='word_1_220' title='bbox 2299 3898 2644 3983; x_wconf 85' lang='lat' dir='ltr'><strong>respiciunt</strong></span> <span class='ocrx_word' id='word_1_221' title='bbox 2693 3897 3106 3983; x_wconf 81' lang='lat' dir='ltr'><strong>Dicaeopolis‚</strong></span> 
     </span>
     <span class='ocr_line' id='line_1_29' title="bbox 855 4007 3110 4096; baseline 0 -21"><span class='ocrx_word' id='word_1_222' title='bbox 855 4034 940 4075; x_wconf 87' lang='lat' dir='ltr'><strong>vs.</strong></span> <span class='ocrx_word' id='word_1_223' title='bbox 982 4014 1111 4074; x_wconf 79' lang='lat'><strong>355</strong></span> <span class='ocrx_word' id='word_1_224' title='bbox 1152 4019 1217 4075; x_wconf 86' lang='lat' dir='ltr'><strong>et</strong></span> <span class='ocrx_word' id='word_1_225' title='bbox 1257 4010 1507 4090; x_wconf 86' lang='lat' dir='ltr'><strong>chorus,</strong></span> <span class='ocrx_word' id='word_1_226' title='bbox 1550 4033 1637 4073; x_wconf 87' lang='grc' dir='ltr'><strong><em>νε.</em></strong></span> <span class='ocrx_word' id='word_1_227' title='bbox 1681 4011 1829 4090; x_wconf 80' lang='lat'><strong>364,</strong></span> <span class='ocrx_word' id='word_1_228' title='bbox 1870 4018 1935 4074; x_wconf 88' lang='lat' dir='ltr'><strong>et</strong></span> <span class='ocrx_word' id='word_1_229' title='bbox 1971 4011 2088 4074; x_wconf 88' lang='lat' dir='ltr'><strong>nisi</strong></span> <span class='ocrx_word' id='word_1_230' title='bbox 2131 4010 2333 4090; x_wconf 84' lang='lat' dir='ltr'><strong>fallor,</strong></span> <span class='ocrx_word' id='word_1_231' title='bbox 2375 4014 2456 4090; x_wconf 68' lang='grc' dir='ltr'><strong>τᾷ·</strong></span> <span class='ocrx_word' id='word_1_232' title='bbox 2493 4007 2742 4091; x_wconf 74' lang='grc' dir='ltr'><strong><em>ἐπιξήνῳ</em></strong></span> <span class='ocrx_word' id='word_1_233' title='bbox 2778 4009 3110 4096; x_wconf 88' lang='lat' dir='ltr'><strong>respondet</strong></span> 
     </span>
     <span class='ocr_line' id='line_1_30' title="bbox 854 4119 1872 4198; baseline -0.002 -9"><span class='ocrx_word' id='word_1_234' title='bbox 854 4123 1111 4189; x_wconf 84' lang='lat' dir='ltr'><strong>verbum</strong></span> <span class='ocrx_word' id='word_1_235' title='bbox 1157 4119 1536 4198; x_wconf 71' lang='grc' dir='ltr'><strong><em>καταξαίνειν</em></strong></span> <span class='ocrx_word' id='word_1_236' title='bbox 1585 4147 1672 4187; x_wconf 90' lang='grc' dir='ltr'><strong>νε.</strong></span> <span class='ocrx_word' id='word_1_237' title='bbox 1723 4125 1872 4188; x_wconf 79' lang='lat'><strong>320.</strong></span> 
     </span>
    </p>

    <p class='ocr_par' dir='ltr' id='par_1_7' title="bbox 855 4235 3110 4436">
     <span class='ocr_line' id='line_1_31' title="bbox 941 4235 3110 4322; baseline 0 -20"><span class='ocrx_word' id='word_1_238' title='bbox 941 4237 1154 4303; x_wconf 80' lang='lat' dir='ltr'><strong>Aliam</strong></span> <span class='ocrx_word' id='word_1_239' title='bbox 1194 4238 1640 4322; x_wconf 77' lang='lat' dir='ltr'><strong>quaesiverunt</strong></span> <span class='ocrx_word' id='word_1_240' title='bbox 1677 4235 1981 4301; x_wconf 83' lang='lat' dir='ltr'><strong>medelam</strong></span> <span class='ocrx_word' id='word_1_241' title='bbox 2020 4236 2128 4321; x_wconf 91' lang='lat' dir='ltr'><strong>qui</strong></span> <span class='ocrx_word' id='word_1_242' title='bbox 2170 4235 2427 4302; x_wconf 86' lang='lat' dir='ltr'><strong>verbum</strong></span> <span class='ocrx_word' id='word_1_243' title='bbox 2464 4236 2741 4318; x_wconf 67' lang='grc' dir='ltr'><strong><em>κεφαλὴν</em></strong></span> <span class='ocrx_word' id='word_1_244' title='bbox 2781 4236 3110 4303; x_wconf 89' lang='lat' dir='ltr'><strong>emendare</strong></span> 
     </span>
     <span class='ocr_line' id='line_1_32' title="bbox 855 4350 3110 4436; baseline 0 -20"><span class='ocrx_word' id='word_1_245' title='bbox 855 4352 1061 4416; x_wconf 83' lang='lat' dir='ltr'><strong>eonati</strong></span> <span class='ocrx_word' id='word_1_246' title='bbox 1098 4356 1272 4433; x_wconf 90' lang='lat' dir='ltr'><strong>sunt,</strong></span> <span class='ocrx_word' id='word_1_247' title='bbox 1313 4371 1584 4436; x_wconf 90' lang='lat' dir='ltr'><strong>quornm</strong></span> <span class='ocrx_word' id='word_1_248' title='bbox 1623 4351 1822 4416; x_wconf 82' lang='lat' dir='ltr'><strong>varias</strong></span> <span class='ocrx_word' id='word_1_249' title='bbox 1863 4350 2269 4430; x_wconf 82' lang='lat' dir='ltr'><strong>coniecturas,</strong></span> <span class='ocrx_word' id='word_1_250' title='bbox 2310 4350 2788 4434; x_wconf 86' lang='lat' dir='ltr'><strong>quatuordeeim</strong></span> <span class='ocrx_word' id='word_1_251' title='bbox 2825 4373 3110 4432; x_wconf 87' lang='lat' dir='ltr'><strong>numero,</strong></span> 
     </span>
    </p>
   </div>
   <div class='ocr_carea' id='block_1_3' title="bbox 853 4462 3117 4549">
    <p class='ocr_par' dir='ltr' id='par_1_8' title="bbox 853 4462 3117 4549">
     <span class='ocr_line' id='line_1_33' title="bbox 853 4462 3117 4549; baseline 0 -20"><span class='ocrx_word' id='word_1_252' title='bbox 853 4463 1121 4549; x_wconf 74' lang='lat' dir='ltr'><strong>legimus</strong></span> <span class='ocrx_word' id='word_1_253' title='bbox 1157 4465 1227 4529; x_wconf 90' lang='lat' dir='ltr'><strong>in</strong></span> <span class='ocrx_word' id='word_1_254' title='bbox 1266 4463 1544 4529; x_wconf 77' lang='lat' dir='ltr'><strong>editione</strong></span> <span class='ocrx_word' id='word_1_255' title='bbox 1582 4462 1902 4529; x_wconf 85' lang='lat' dir='ltr'><strong>Muelleri.</strong></span> <span class='ocrx_word' id='word_1_256' title='bbox 1940 4462 2161 4528; x_wconf 84' lang='lat' dir='ltr'><strong>Edidit</strong></span> <span class='ocrx_word' id='word_1_257' title='bbox 2197 4462 2470 4529; x_wconf 80' lang='lat' dir='ltr'><strong>Dindorf</strong></span> <span class='ocrx_word' id='word_1_258' title='bbox 2502 4465 2601 4529; x_wconf 81' lang='grc' dir='ltr'><strong><em>τὸν</em></strong></span> <span class='ocrx_word' id='word_1_259' title='bbox 2637 4463 2933 4547; x_wconf 73' lang='grc' dir='ltr'><strong>λάρυγγ’;</strong></span> <span class='ocrx_word' id='word_1_260' title='bbox 2977 4463 3117 4529; x_wconf 88' lang='lat' dir='ltr'><strong>aliis</strong></span> 
     </span>
    </p>
   </div>
   <div class='ocr_carea' id='block_1_4' title="bbox 732 4576 3108 4666">
    <p class='ocr_par' dir='ltr' id='par_1_9' title="bbox 732 4576 3108 4666">
     <span class='ocr_line' id='line_1_34' title="bbox 732 4576 3108 4666; baseline 0 -22"><span class='ocrx_word' id='word_1_261' title='bbox 732 4657 745 4666; x_wconf 42' lang='grc'><em>,</em></span> <span class='ocrx_word' id='word_1_262' title='bbox 851 4579 1126 4661; x_wconf 64' lang='grc' dir='ltr'><strong><em>κεφαλὰν</em></strong></span> <span class='ocrx_word' id='word_1_263' title='bbox 1184 4580 1815 4664; x_wconf 85' lang='lat' dir='ltr'><strong>interpretamentum</strong></span> <span class='ocrx_word' id='word_1_264' title='bbox 1875 4578 2076 4642; x_wconf 79' lang='lat' dir='ltr'><strong>visum</strong></span> <span class='ocrx_word' id='word_1_265' title='bbox 2138 4586 2251 4656; x_wconf 89' lang='lat' dir='ltr'><strong>est,</strong></span> <span class='ocrx_word' id='word_1_266' title='bbox 2312 4584 2389 4642; x_wconf 82' lang='lat' dir='ltr'><strong>ut</strong></span> <span class='ocrx_word' id='word_1_267' title='bbox 2446 4576 2739 4662; x_wconf 82' lang='lat' dir='ltr'><strong>Bergkio,</strong></span> <span class='ocrx_word' id='word_1_268' title='bbox 2787 4579 2900 4663; x_wconf 92' lang='lat' dir='ltr'><strong>qni</strong></span> <span class='ocrx_word' id='word_1_269' title='bbox 2944 4578 3108 4654; x_wconf 72' lang='grc' dir='ltr'><strong><em>τήνδ’</em></strong></span> 
     </span>
    </p>
   </div>
  </div>
 </body>
</html>
