3875 5634
1804 776 2035 821 namn.
2880 764 3001 825 165

809 942 1022 1010 Αἵοιντι
1084 965 1229 1009 cum
1286 942 1544 1027 reliquis
1592 942 1804 1031 aliquo
1853 943 2056 1022 mode,
2101 944 2522 1029 grammatice
2568 945 2807 1019 saltem,
2854 948 3064 1012 cohae-

805 1063 959 1137 reat,
1022 1079 1273 1122 necesse
1335 1063 1446 1120 est.
1509 1054 1971 1142 Interpretatur
2016 1055 2331 1122 Fritsche:
2379 1056 2635 1122 densam
2681 1058 3055 1145 phalangem

806 1172 986 1238 Aiaci
1033 1172 1409 1251 adstantem,
1456 1176 1532 1235 ut
1570 1172 1634 1236 τὸ
1674 1172 1981 1249 συγκλινὲς
2019 1169 2333 1237 obiectum
2373 1172 2456 1236 sit
2494 1156 2665 1237 verbi
2706 1175 3057 1255 παρασχών.

803 1285 907 1350 Ita
951 1307 1097 1350 vero
1140 1283 1289 1348 satis
1332 1306 1519 1349 sanus
1558 1284 1766 1349 evadit
1803 1306 2040 1362 sensus,
2083 1306 2228 1368 quo,
2267 1308 2406 1350 mea
2442 1284 2699 1370 quidem
2743 1288 3054 1372 opinione,

804 1399 1006 1463 omnis
1067 1397 1322 1483 parodia
1382 1396 1650 1461 tollitur.
1717 1399 2039 1462 Hermann
2095 1398 2405 1484 Aeschylo
2451 1398 2683 1463 tribuit
2730 1424 2785 1464 τ.
2836 1417 3054 1479 συγκλ.

801 1511 857 1576 τ)
903 1513 998 1578 ἐπ’
1047 1513 1145 1577 Ἀ.
1196 1508 1369 1594 ξίφος
1414 1511 1491 1576 cf.
1541 1504 1748 1575 Schol.
1801 1510 1987 1596 Soph.
2022 1513 2140 1577 ΔΑἰ.
2193 1514 2321 1576 833
2368 1535 2467 1598 ap.
2520 1512 2599 1579 D.
2652 1514 2726 1577 fr.
2778 1518 2878 1580 78.
2934 1515 3056 1580 Res

802 1626 1043 1691 incerta
1089 1631 1204 1689 est.

895 1738 991 1804 De
1038 1737 1303 1824 singulis
1349 1735 1623 1802 versibus
1668 1736 2004 1804 videamus.

891 1851 1001 1916 Vs.
1072 1853 1266 1930 1285,
1327 1849 1581 1915 verbum
1643 1850 1868 1929 πέμπει
1921 1854 2111 1932 1287,
2160 1875 2247 1916 vs.
2302 1856 2471 1917 1289
2519 1862 2672 1919 sunt
2721 1856 3048 1939 Agamem-

801 1965 983 2029 nonis
1049 1967 1172 2028 109
1238 1984 1373 2048 sqq.
1439 1962 1663 2052 Schol.,
1728 1964 1837 2048 qui
1892 1964 2094 2042 ἀκμὴν
2145 1965 2208 2030 δὲ
2256 1965 2364 2039 τὴν
2411 1967 2659 2039 νεότητα
2703 1967 3049 2054 adscripsit,

802 2101 914 2164 pro
961 2077 1121 2157 ἥβοις
1168 2076 1327 2156 ἥβαν
1375 2078 1471 2141 vel
1517 2077 1719 2155 ἀκμὴν
1763 2077 1938 2162 legit,
1988 2100 2148 2161 quae
2191 2079 2380 2144 etiam
2409 2079 2726 2145 ‘librorum
2754 2081 3044 2167 Aeschyli

804 2199 899 2256 est
946 2191 1156 2255 lectio,

891 2304 993 2369 Ad
1042 2327 1129 2369 VS.
1184 2304 1350 2367 1287
1402 2304 1661 2385 Σφίγγα
1699 2305 2055 2384 δυσοιμεριέὶν
2087 2304 2364 2385 πρύτανιν
2402 2306 2553 2370 κύνα.
2587 2306 2829 2372 Schol.:
2854 2314 3054 2373 ταῦτα

800 2419 862 2483 δὲ
901 2420 967 2483 ἐκ
992 2419 1273 2499 Σφιγγὸς
1298 2417 1643 2498 ’Λισχύλού
1674 2417 1824 2481 Fuit
1846 2417 2059 2482 drama
2082 2419 2421 2503 satyricum
2445 2441 2479 2483 e
2504 2421 2837 2505 tetralogia
2861 2420 3048 2485 Oedi·

804 2532 1001 2618 podea
1050 2531 1230 2595 cuius
1269 2531 1526 2595 fuerunt
1562 2530 1772 2609 Laius,
1817 2530 2118 2617 Oedipus,
2157 2531 2327 2618 Sept.
2368 2532 2507 2597 adv.
2549 2532 2744 2614 Theb,
2786 2534 3046 2619 Sphinx.

891 2645 992 2710 Ad
1061 2647 1229 2708 1291
1295 2652 1480 2723 κυρεῖν
1538 2682 1630 2692 -
1672 2645 2022 2725 ἀεροφοίτοις
2069 2645 2274 2710 Schol.
2324 2645 2400 2710 R.
2453 2654 2518 2710 et
2566 2646 2645 2711 V.
2697 2670 3052 2733 perperam:

802 2764 972 2824 τοῦτο
1034 2755 1102 2832 ἐξ
1165 2756 1634 2835 Ἀγαμέμνονος.
1698 2755 1777 2820 Iu
1826 2780 2094 2822 errorem
2146 2757 2393 2823 inducti
2440 2767 2594 2824 sunt
2643 2759 2844 2825 verbis
2889 2784 3048 2825 πται-

801 2879 941 2936 νοῖσι
987 2869 1125 2936 κυσὶ
1172 2870 1392 2950 ποιτρός
1438 2892 1517 2933 vs.
1573 2870 1715 2933 136.
1769 2869 1822 2933 Ε
1870 2869 2146 2956 Sphinge
2193 2894 2441 2937 versum
2484 2895 2616 2936 esse
2656 2874 3051 2959 suspicantur

800 2984 901 3049 Fr.
951 2993 1016 3048 et
1065 2983 1152 3047 N.

887 3097 982 3163 De
1032 3121 1120 3161 vs.
1173 3100 1344 3161 1294
1392 3096 1596 3161 Schol.
1646 3098 2018 3178 Τιμκχίδκς
2066 3098 2223 3179 Φησὶ
2270 3105 2442 3164 τοῦτο
2483 3101 2542 3163 ἐν
2579 3100 2740 3173 ἐνίοις
2776 3101 2862 3178 μὴ
2903 3101 3047 3182 ypofi-

795 3213 1031 3294 φεσθαι.
1098 3211 1492 3282 Ἀπολλώνιος
1544 3211 1606 3275 δέ
1652 3216 1834 3292 φησιν
1873 3214 1939 3276 ἐκ
1984 3217 2260 3292 Θρῃσσῶν
2307 3213 2455 3278 αὐτὸ
2493 3207 2655 3278 εἶναι.
2697 3212 2793 3279 De
2829 3213 3048 3279 Thres-

796 3325 881 3389 sis
948 3324 1074 3389 vid.
1141 3323 1332 3389 Dind.
1393 3325 1469 3389 ad
1533 3325 1607 3388 fr.
1677 3325 1956 3390 77—79.
2018 3323 2195 3390 Idem
2254 3326 2332 3390 iis
2378 3348 2451 3391 ac
2497 3324 2823 3412 Sophoclis
2868 3328 3043 3392 Aiaci

795 3437 920 3502 fuit
965 3443 1430 3523 argumentum.

797 3663 906 3728 Vs.
961 3655 1172 3726 1305.
1886 3662 2073 3727 καίτοι
2118 3663 2182 3727 τί
2224 3663 2315 3727 δεῖ

1248 3773 1426 3855 λύρας
1471 3773 1571 3839 ἐπὶ
1617 3780 1854 3850 τοῦτονς
1903 3781 2016 3840 ποῦ
2065 3775 2213 3839 ’στιν
2261 3780 2293 3849 ἡ
2341 3782 2465 3847 τοῖς
2512 3774 2809 3856 ἑστροὶκοις

1241 3885 1393 3961 αὕτη
1442 3892 1756 3968 κροτοῦτοος
1806 3888 1981 3968 δεῦρο,
2031 3888 2224 3952 Μοῦσ’
2272 3888 2616 3969 Εὐριπίδου.

884 4001 1090 4067 Schol.
1140 4001 1385 4080 λέγεται
1430 4002 1492 4066 δὲ
1542 4003 1619 4076 εἷς
1665 4002 1769 4075 τὴν
1818 4002 2160 4082 ’Υψιπύλην
2207 4008 2423 4067 ταῦτκ.
2476 4001 2556 4067 In
2604 4002 2720 4066 hoc
2769 4003 3044 4067 dramate

795 4116 1046 4180 videtur
1092 4115 1320 4179 mulier
1366 4114 1666 4201 prodiisse
1715 4138 1874 4199 quae
1920 4117 2098 4179 testis
2136 4137 2358 4179 sonum
2401 4114 2734 4180 edentibus
2771 4116 2899 4180 sive
2924 4137 3046 4180 cre-

792 4227 1050 4315 pundiis
1098 4226 1418 4292 utebatur.
1471 4227 1737 4293 Photius
1783 4229 1848 4292 in
1896 4226 2272 4309 κροτοιλίζειν.
2325 4230 2419 4293 Οὐ
2457 4228 2556 4293 διὰ
2594 4233 2798 4309 χειρῶν
2824 4236 3041 4308 κροτεῖν

791 4342 960 4407 ἀλλὰ
1004 4341 1104 4406 διὰ
1148 4340 1426 4421 κροτοὶλου
1474 4349 1582 4415 τῆς
1625 4341 2075 4422 κροταλισοὶσης,
2124 4342 2199 4413 ὥς
2246 4341 2573 4423 Εὐριπίδης
2619 4341 2808 4421 <pne-iv
2857 4342 2883 4406 ὁ
2929 4366 3039 4406 κω-

791 4456 961 4532 μικὸς
1019 4451 1148 4529 περὶ
1195 4461 1304 4527 τῆς
1354 4453 1694 4533 ’Ὑψιπύλης
1742 4454 1948 4533 λέγων.
2003 4452 2121 4519 His
2169 4452 2447 4519 Fritsche
2495 4453 2731 4519 mederi
2779 4461 3045 4519 conatur

791 4564 1164 4632 emendans:
1229 4566 1339 4631 Ού.
1389 4566 1440 4631 δ.
1490 4589 1559 4647 χ.
1609 4592 1714 4649 xp..
1761 4568 1930 4633 ἀλλὰ
1972 4568 2071 4634 διὰ
2115 4566 2416 4648 κροτάλου·
2463 4565 2643 4641 οὕτως
2691 4567 3029 4648 Εὐριπίδης.
