3875 5634
1807 777 2041 823 namn.
2871 768 2997 832 169

798 967 926 1024 nes,
976 966 1103 1009 non
1149 942 1372 1008 dubito
1416 944 1574 1029 quin
1621 944 1784 1011 illud
1827 946 2260 1027 εἱειλισσὸμενος
2303 947 2594 1034 petiverit
2638 974 2781 1016 cum
2820 953 2870 1017 εί
2911 976 2959 1018 ει
2997 977 3045 1018 ει

796 1081 843 1122 ει
889 1082 937 1122 ει
982 1083 1029 1123 ει
1073 1038 1310 1123 λίσσετὲ
1352 1058 1666 1123 scriberet.

887 1175 977 1236 At
1020 1169 1320 1237 dubitant
1365 1172 1481 1237 viri
1528 1172 1699 1238 docti
1743 1196 1896 1239 num
1930 1175 2365 1255 εἱειλισσόμενος
2397 1177 2495 1243 ΕΙ.
2537 1180 2664 1245 437
2692 1180 3044 1264 genuinum

797 1286 898 1349 sit.
947 1284 1044 1350 De
1089 1284 1414 1350 Dindorfio
1461 1286 1584 1351 iam
1632 1287 1798 1367 dixi5
1847 1287 2038 1367 Weil,
2088 1288 2238 1375 Sept
2283 1297 2441 1377 trag.
2490 1291 2589 1356 El.
2638 1292 2769 1358 l.l.:
2821 1300 3048 1370 „cette

798 1400 1171 1478 „imitation
1231 1402 1518 1486 comique
1578 1400 1661 1466 du
1727 1401 1914 1467 chant
1984 1403 2184 1490 (xxv-d:
2230 1404 2480 1483 μίμησιν
2523 1413 2633 1481 τῆς
2679 1407 3043 1485 μελοποιίας,

798 1562 839 1592 ,,
859 1512 956 1578 dit
1020 1514 1090 1579 le
1158 1513 1501 1580 Scholiaste
1559 1502 1622 1580 'd’
1683 1516 2120 1602 Aristophane)
2178 1541 2257 1583 ne
2316 1517 2545 1584 semble
2610 1543 2720 1606 pas
2786 1520 2920 1586 &tre
2968 1521 3048 1586 de

797 1627 1010 1707 „mise
1073 1626 1228 1693 dans
1285 1627 1343 1693 le
1389 1636 1561 1693 texte
1607 1627 1667 1692 d’
1719 1652 1844 1695 une
1894 1629 2190 1715 tragedie.
2239 1630 2472 1697 Faut-il
2519 1633 2639 1699 lire
2685 1634 2820 1699 κοίν’
2868 1634 3047 1699 εἱλισ-

798 1742 1098 1820 ,,σ·ο’μενος
1113 1742 1188 1809 ‘3³’
1228 1740 1373 1821 Quo
1414 1749 1625 1807 tamen
1667 1750 2037 1829 argumento
2061 1745 2214 1809 mihi
2239 1768 2364 1811 non
2386 1747 2694 1832 persuasit
2716 1747 3049 1812 lectionem

799 1854 1030 1919 codicis
1089 1854 1188 1919 ΕΙ.
1255 1856 1381 1921 437
1425 1855 1898 1942 improbandam
1947 1880 2095 1923 esse.
2144 1858 2405 1924 Etiamsi
2453 1859 2921 1925 concedendum
2967 1860 3051 1925 sit

798 1969 990 2033 talem
1053 1969 1470 2034 imitationem
1533 1978 1755 2035 cantus
1815 1971 2168 2056 tragoediae
2225 1973 2428 2037 minus
2473 1980 2679 2059 aptam
2729 1998 2879 2055 esse,
2929 1997 3050 2039 res-

798 2082 1041 2169 pondeo
1090 2084 1154 2148 id
1205 2083 1412 2170 ipsum
1460 2108 1591 2150 esse
1638 2086 1805 2170 quod
1868 2087 2314 2172 Aristophanes
2368 2088 2747 2174 vituperavit
2790 2087 3052 2174 Euripi·

798 2196 937 2262 dem
982 2220 1206 2262 novam
1253 2205 1318 2261 et
1365 2198 1577 2263 minus
1622 2205 1834 2285 aptam
1884 2199 2147 2265 canendi
2194 2201 2498 2266 rationem
2544 2202 2610 2265 in
2659 2201 3044 2287 tragoediam

798 2309 1238 2375 introduxisse.
1303 2309 1423 2375 Sed
1480 2310 1645 2375 nihil
1706 2319 1817 2392 est,
1880 2314 2118 2399 opinor,
2165 2313 2335 2398 quod
2383 2313 2813 2379 concedamus.
2866 2313 3049 2400 Inep·

798 2431 904 2489 tus
962 2424 1220 2489 omnino
1282 2424 1505 2489 fuisset
1566 2424 1737 2490 chori
1800 2434 2020 2491 cantus
2082 2428 2132 2492 si
2195 2426 2351 2491 duas
2410 2428 2738 2493 distinctas
2783 2425 3049 2513 syllabas

799 2536 847 2603 εἱ
908 2538 1398 2624 pronuntiasset,
1463 2563 1590 2605 non
1649 2563 1792 2606 vero
1839 2541 1890 2605 si
1937 2564 2123 2605 unam
2171 2564 2281 2628 per
2326 2542 2452 2607 duo
2498 2551 2719 2607 cantus
2746 2518 3048 2628 'tempora

797 2653 1188 2738 productam,
1235 2675 1440 2738 neque
1487 2676 1599 2719 nos
1637 2654 1896 2720 offendit
1933 2655 2076 2719 talis
2113 2655 2443 2742 productio
2466 2657 2530 2721 in
2556 2658 2724 2742 gravi
2760 2656 3047 2721 hodierni

800 2765 1053 2831 oratorii
1101 2774 1313 2831 cantu.
1362 2765 1547 2832 Nihil
1591 2768 1806 2853 igitur,
1854 2790 1992 2833 meo
2037 2768 2290 2853 quidem
2336 2770 2589 2848 iudicio,
2637 2768 2851 2834 obstat·
2890 2770 3047 2854 quin

800 2886 1151 2944 statuamus
1187 2880 1625 2959 εἱειλισσόμενος
1670 2882 1966 2948 cecinisse
2021 2883 2276 2948 chorum
2320 2882 2625 2949 Electrae.

891 2992 1169 3058 Similem
1234 2994 1551 3080 parodiam
1613 2994 1857 3061 Thesm.
1920 2997 2088 3060 1039
2154 2997 2406 3083 reperiri
2452 2998 2719 3062 coniecit
2766 2997 3048 3063 Fritsche

801 3106 951 3192 quia
1010 3106 1077 3171 in
1135 3106 1272 3171 cod.
1336 3106 1489 3172 Rav.
1551 3107 1613 3171 h.
1675 3107 1718 3171 l.
1780 3107 2051 3192 legitur:
2111 3110 2232 3175 ἀπὸ
2277 3110 2339 3175 δὲ
2383 3110 2702 3189 συγγόνων,
2750 3112 2894 3175 ἀλλ’
2944 3112 3040 3176 ἀν’

800 3219 1001 3298 ἄνομα
1062 3220 1279 3286 πάθεσι.
1343 3220 1562 3285 Edidit
1623 3220 1764 3286 ἄλλ’
1826 3223 1938 3286 ἀν’.
2007 3221 2360 3287 Praestaret
2402 3222 2494 3288 ἄν’
2539 3223 2651 3289 ἄν’.
2702 3223 2823 3289 Sed
2861 3224 3049 3289 nimis

802 3336 1045 3400 incerta
1101 3339 1200 3398 est
1241 3333 1376 3399 eius
1424 3334 1782 3399 coniectura
1827 3356 1970 3399 cum
2016 3356 2127 3420 per
2171 3358 2239 3401 se
2288 3335 2696 3421 intellegatur
2747 3336 2935 3402 talem
2981 3336 3050 3401 in

802 3454 994 3513 cantu
1055 3447 1327 3533 syllabae
1374 3447 1849 3534 productionem
1897 3449 2083 3513 unice
2129 3448 2382 3513 tolerari
2425 3472 2602 3535 posse
2649 3448 2759 3514 ubi
2806 3447 3044 3536 syllaba

800 3561 989 3647 longa
1034 3562 1118 3627 sit
1164 3583 1370 3646 neque
1419 3562 1486 3626 in
1534 3562 1902 3626 consonanti
1947 3562 2338 3627 terminetur.

889 3673 1126 3740 Versus
1173 3676 1344 3739 1315
1393 3682 1458 3739 et
1507 3676 1678 3739 1316
1727 3697 1761 3739 e
1806 3674 2124 3761 Meleagro
2170 3675 2441 3742 desumti
2486 3675 2804 3741 videntur.
2853 3675 3051 3742 Testi-

802 3787 1010 3852 monia
1070 3785 1548 3852 scholiastarum
1608 3788 1732 3852 iam
1790 3788 2002 3853 attuli.
2066 3788 2271 3854 Schol.
2327 3786 2427 3869 V„
2476 3789 2588 3873 qui
2633 3790 2711 3854 ad
2764 3791 2933 3854 1315
2983 3790 3049 3855 ἐκ

804 3910 957 3966 Μελ.
1023 3902 1166 3983 Εὖρ.
1215 3900 1425 3979 habet,
1471 3903 1550 3967 ad
1602 3904 1773 3967 1316
1819 3909 2082 3966 annotat
2130 3902 2232 3966 καὶ
2280 3908 2479 3968 ταῦτα
2526 3902 2848 3983 Εὐριπίδου
2895 3903 3049 3987 (sine

800 4014 1156 4100 tragoediae
1220 4015 1497 4099 nomine)
1558 4014 1682 4080 ἔστι
1745 4017 1807 4081 δὲ
1866 4014 2268 4097 ἀσυνάρτητα,
2316 4037 2478 4100 quae
2525 4017 2784 4081 fortasse
2830 4016 2906 4081 ad
2957 4039 3045 4081 vs.

807 4130 974 4193 1319
1022 4129 1368 4215 pertinent.

797 4354 903 4422 Vs.
960 4347 1170 4421 1317.
1243 4352 1312 4419 ἵν’
1359 4352 1385 4419 ὃ
1432 4353 1725 4435 Φίλοιυλος
1770 4352 2003 4417 ἔπαλλε
2047 4354 2178 4418 δελ-

1243 4469 1351 4551 φὶς
1397 4466 1640 4549 πρῷροιις
1688 4467 2137 4546 κυανεμβόλοις.

889 4583 1288 4649 Verbotenus
1327 4605 1402 4648 ex
1446 4581 1677 4646 Electr.
1719 4579 1875 4647 Eur.
1917 4581 2047 4645 435
2072 4603 2163 4669 sq.
2189 4579 2661 4646 Observandum
2687 4587 2783 4645 est
2814 4579 3049 4647 Aristo·
