3875 5634
890 751 1019 813 108
1620 765 2330 812 fflmnornoauzussn.

843 936 918 1001 fr.
970 937 1136 1001 869:

1289 1052 1433 1115 ἀλλ’
1477 1050 1637 1132 αἰθὴρ
1683 1050 1865 1115 τίκτει
1911 1076 1998 1131 σε,
2036 1051 2207 1132 -κόρκ,

1041 1211 1045 1215 -
1286 1165 1428 1238 Ζεὺς
1475 1163 1535 1238 ὃς
1578 1165 1888 1245 ἀνθρώποις
1934 1164 2309 1246 ὀνομάζεται.

840 1276 916 1341 fr.
970 1280 1176 1342 1012:

1288 1392 1502 1473 Αἰθέρα
1545 1391 1650 1457 καὶ
1700 1401 1890 1458 Γαῖαν
1938 1391 2173 1457 πάντων
2218 1391 2547 1474 γενέτειραν
2590 1391 2795 1457 ἆείδω.
2832 1463 2840 1471 ,

931 1504 1076 1570 Duo
1145 1506 1344 1591 igitur
1401 1514 1553 1571 sunt
1610 1529 1683 1571 ex
1744 1506 2070 1593 Euripidis
2128 1506 2443 1571 sententia
2510 1506 2841 1586 elementa,
2888 1506 3104 1572 aether

842 1623 1050 1704 (quem
1090 1627 1156 1684 et
1195 1620 1440 1685 coelum
1480 1623 1682 1704 vocat)
1725 1628 1789 1685 et
1825 1629 2013 1686 terra.
2055 1620 2252 1686 Initio
2287 1622 2599 1707 permixta
2621 1619 2849 1685 deinde
2871 1627 3108 1685 secreta

841 1741 1009 1814 sunt,
1059 1734 1152 1798 ita
1200 1740 1275 1798 ut
1320 1735 1535 1800 aether
1580 1743 1809 1800 terram
1859 1735 2225 1814 circumdet,
2272 1736 2350 1800 fr.
2403 1737 2554 1813 911,
2607 1736 2757 1815 935,
2811 1735 2959 1797 938.
3009 1733 3106 1798 Ex

842 1847 1222 1912 fecundante
1285 1848 1535 1913 aethere
1579 1849 1853 1935 concipit
1899 1856 2063 1913 terra
2114 1858 2176 1914 et
2223 1849 2432 1914 omnia
2479 1848 2704 1934 gignit.
2755 1847 3105 1912 Hominum

841 1962 1087 2027 animus
1134 1985 1209 2027 ex
1254 1964 1523 2042 aethere,
1570 1986 1794 2051 corpus
1840 1988 1873 2029 e
1922 1973 2089 2029 terra
2135 1964 2443 2049 originem
2491 1962 2672 2028 ducit
2717 1963 2790 2028 fr.
2845 1964 2992 2027 836.

935 2075 1122 2152 Haec,
1185 2077 1237 2142 si
1299 2079 1449 2142 fides
1510 2077 1790 2143 habenda
1839 2087 1934 2143 est
1997 2079 2297 2165 Dionysio
2343 2077 2491 2142 Hal.
2541 2078 2620 2141 A.
2670 2075 2858 2143 Rhet.
2906 2074 3005 2141 IX
3050 2100 3102 2141 c.

845 2193 921 2255 11
974 2199 1038 2255 et
1084 2189 1398 2271 Vitruvio,
1446 2192 1627 2256 cuius
1670 2191 1855 2257 verba
1903 2192 2126 2257 attulit
2173 2190 2584 2271 Valckenaer,
2634 2189 2837 2257 Diatr.
2887 2213 2946 2277 p.
2996 2192 3103 2269 35,

837 2304 1318 2391 philosophatus
1379 2314 1474 2371 est
1519 2306 1874 2393 Euripides,
1926 2308 2293 2392 magistrum
2341 2313 2600 2371 secutus
2646 2307 3102 2391 Anaxagoram,

839 2426 904 2483 et
949 2419 999 2483 si
1047 2442 1263 2484 verum
1311 2429 1472 2486 esset
1517 2420 1685 2506 quod
1731 2422 2016 2501 tradunt,
2064 2422 2315 2509 placitis
2356 2420 2789 2506 Anaxagoreis
2830 2420 2926 2484 uti
2966 2442 3106 2507 pos·

845 2554 1054 2596 semus
1121 2532 1199 2597 ad
1260 2542 1509 2620 poetam
1570 2534 2132 2621 interpretandum.
2194 2533 2316 2599 Sed
2382 2556 2586 2599 errare
2648 2533 2963 2598 videntur.
3023 2532 3104 2597 In

845 2647 1173 2712 nonnullis
1218 2670 1367 2713 sane
1412 2649 1695 2734 magistri
1741 2650 2114 2714 sententiam
2164 2632 2559 2736 expresserit,
2601 2648 2668 2712 in
2708 2646 3107 2732 cosmogonia

844 2784 989 2826 eum
1031 2761 1290 2827 minime
1330 2770 1617 2828 secutum
1645 2786 1774 2828 esse
1797 2764 2231 2849 Anaxagoram
2258 2785 2383 2828 non
2413 2763 2549 2828 sine
2574 2783 2760 2827 eausa
2783 2760 3110 2827 contendit

841 2875 920 2941 de
959 2876 1379 2942 Wilamowitz
1421 2877 1841 2943 Moellendorf
1874 2879 1938 2943 in
1983 2878 2271 2944 Analect.
2316 2877 2607 2963 Euripid.
2648 2899 2709 2963 p.
2742 2878 2888 2940 164.
2917 2874 3101 2941 Cauti

837 2992 906 3055 in
956 2991 1296 3057 iudicando
1341 2993 1535 3057 simus
1578 3015 1825 3058 necesse
1873 3000 1987 3071 est,
2035 2994 2185 3078 quia
2230 3014 2360 3057 non
2408 3014 2568 3078 opus
2603 2990 3097 3077 philosophicum

838 3104 1039 3170 edidit
1103 3104 1440 3192 Euripides
1509 3107 1615 3172 sed
1677 3106 2031 3192 tragoedias
2047 3135 2066 3189 ς
2128 3129 2346 3171 verum
2409 3107 2461 3171 si
2521 3105 2689 3171 locos
2736 3105 3103 3191 inspicimus

836 3217 950 3302 qui
1016 3241 1094 3283 ex
1154 3219 1526 3305 Anaxagora
1580 3218 1761 3286 nobis
1820 3228 2178 3307 supersunt,
2225 3220 2510 3285 videmus
2562 3219 2733 3284 inter
2771 3225 2995 3305 poetae
3040 3225 3105 3282 et

836 3331 1190 3420 philosophi
1250 3335 1481 3420 placita
1543 3334 1714 3400 haud
1772 3358 1996 3421 parum
2057 3335 2379 3400 interesse.
2447 3332 2895 3399 Praetermitto
2941 3353 3102 3417 quae

837 3445 963 3510 iam
1010 3445 1117 3510 W.
1165 3447 1592 3513 Moellendorf
1631 3450 1698 3514 in
1745 3450 2025 3514 medium
2070 3449 2341 3535 protulit
2388 3455 2463 3512 ut
2508 3447 2884 3512 sententiam
2926 3468 3102 3511 suam

836 3559 1146 3639 firmaret3
1194 3561 1357 3626 addo
1403 3583 1564 3647 quae
1610 3561 1973 3649 Simplicius
2019 3562 2288 3627 servavit
2334 3562 2743 3647 Anaxagorae
2788 3559 2977 3625 verba
3024 3560 3103 3625 de

839 3680 1041 3738 terrae
1100 3674 1360 3759 origine,
1420 3676 1524 3740 fol.
1592 3677 1729 3756 33b,
1793 3679 1938 3757 35⁶1,
2001 3678 2136 3741 38b.
2188 3699 2285 3762 ap.
2337 3675 2549 3740 Ritter
2595 3682 2660 3739 et
2705 3674 2966 3739 Preller.
3013 3670 3098 3737 Η.

835 3785 952 3851 Ph.
1026 3790 1061 3874 ᾧ
1125 3791 1230 3871 53,
1300 3794 1402 3855 54.
1464 3789 1805 3876 Postquam
1870 3813 2048 3856 mens
2108 3791 2382 3877 primum
2432 3791 2644 3854 omnia
2687 3811 2849 3874 quae
2894 3787 3100 3853 adhuc

836 3903 1147 3988 permixta
1208 3914 1387 3970 erant
1449 3905 1661 3987 movit,
1728 3914 2147 3971 secernuntur
2208 3904 2450 3984 stellae,
2500 3904 2614 3981 sol,
2662 3903 2837 3982 luna,
2886 3909 2992 3966 aer
3038 3907 3104 3967 et

837 4017 1074 4082 aether.
1133 4016 1380 4082 Deinde
1429 4021 1496 4084 τὸ
1546 4021 1655 4097 μὲν
1701 4021 1913 4085 πυκνὸν
1960 4018 2065 4084 καὶ
2113 4020 2284 4099 διερὸν
2333 4018 2437 4082 καὶ
2486 4018 2719 4099 ψυχρὸν
2764 4017 2870 4081 καὶ
2918 4014 3100 4097 ζοφε-

834 4244 935 4309 xx>
996 4246 1063 4310 τὸ
1124 4243 1287 4326 ξηρὸν
1346 4244 1705 4327 ἐξεχώρησεν
1766 4250 1826 4321 ἐς
1885 4249 1952 4313 τὸ
2000 4240 2196 4329 πρόσω
2237 4251 2343 4313 τοῦ
2388 4246 2620 4326 αἰθέρος.
2671 4243 2932 4309 Postea:
2979 4244 3102 4307 ἀπὸ

835 4357 1079 4423 τούτεων
1125 4360 1580 4441 ἀποκρινομένων
1626 4361 2052 4440 συμπήγνυται
2097 4370 2200 4441 γῆ·
2249 4362 2315 4425 ἐκ
2364 4361 2475 4438 μὲν
2519 4359 2637 4441 γὰρ
2685 4363 2796 4423 τῶν
2843 4360 3102 4437 νεφελῶν

836 4470 979 4552 ὕδωρ
1024 4470 1412 4555 ἀπ’·οκρίνετοιι,
1460 4476 1526 4540 ἐκ
1572 4475 1635 4540 δὲ
1677 4479 1781 4540 τοῦ
1829 4472 2043 4547 ὕδατος
2087 4482 2169 4553 γῆ
2216 4474 2340 4539 κτὲ.

928 4584 1285 4653 Secundum
1350 4590 1783 4675 Anaxagoram
1844 4588 2040 4674 igitur
2098 4611 2226 4654 non
2288 4587 2418 4653 duo
2480 4572 2764 4651 fuerunt*
2791 4585 3100 4650 elementa
