3875 5634
968 726 1050 788 66
1922 739 2183 785 vassas.

1008 908 1214 974 Schol.
1276 909 1356 974 ad
1421 911 1547 973 148
1563 911 1632 972 2:
1700 907 2055 991 ὀρχούμενος
2113 908 2141 973 ό
2199 906 2380 989 γέρων
2440 905 2862 988 τραγικεύεται.
2912 905 3187 973 Videtur

924 1022 1040 1087 hoc
1084 1022 1398 1088 canticum
1447 1030 1632 1088 cento
1682 1044 1812 1087 esse
1855 1043 2154 1087 versuum
2200 1021 2583 1107 tragicorum
2628 1020 3009 1086 intermixtis
3057 1043 3182 1086 ver·

922 1134 1093 1201 sibus
1136 1136 1334 1224 ipsius
1381 1134 1849 1222 Aristophanis.

1016 1251 1117 1315 Ad
1167 1253 1374 1316 1490:
1415 1253 1688 1325 Πτήσσει
1716 1248 2023 1331 Φρύνιχος·
2052 1248 2336 1330 παροιμία
2358 1247 2595 1313 ἐπὶτῶν
2617 1248 2797 1314 κακόν
2825 1272 2882 1314 τι
2908 1249 3185 1330 πασχόν-

923 1386 1036 1428 των
1079 1365 1201 1430 ἀπὸ
1248 1364 1537 1446 Φρυνίχου
1583 1367 1685 1430 τοῦ
1729 1366 2028 1444 τραγικοῦ.
2079 1360 2476 1448 Quamquam
2524 1386 2597 1428 ea
2641 1384 2802 1447 quae
2849 1363 3186 1450 subiungit

920 1476 1287 1543 scholiasta:
1336 1477 1768 1560 ὑποκρινόμενον
1813 1477 1930 1559 γὰρ
1976 1475 2157 1543 αὐτόν
2201 1478 2309 1551 τὴν
2357 1477 2626 1551 Μιλήτου
2664 1473 2902 1543 ἅλωσιν
2923 1479 2977 1545 οἱ
2998 1479 3182 1553 ’Λθή-

921 1599 1068 1656 ναῖοι
1136 1591 1533 1674 δακρύσαντες
1602 1586 1894 1669 ἐξέβαλον
1964 1590 2263 1657 δεδοικότα
2322 1589 2426 1656 καὶ
2492 1590 2948 1666 ὑποπτήσσοντα
2999 1592 3183 1658 nihili

920 1712 1088 1787 sunt,
1150 1728 1293 1771 vere
1352 1712 1566 1770 tamen
1611 1704 1773 1769 vidit
1819 1702 2248 1790 Phrynichum
2301 1706 2608 1790 tragicum
2653 1706 2806 1792 peti,
2857 1713 2933 1771 ut
2979 1714 3184 1772 osten·

922 1817 1017 1884 dit
1077 1819 1321 1885 collatis
1381 1842 1500 1884 vss.
1564 1819 1737 1884 1478
1798 1840 1931 1904 sqq.
1983 1817 2407 1897 Halbertsma,
2454 1816 2709 1905 Prosop.
2760 1820 2954 1885 Arist.
3004 1842 3063 1906 p.
3117 1821 3178 1884 3.

920 1932 1197 1998 Eandem
1243 1933 1571 2020 amplexus
1618 1933 2000 1998 sententiam
2049 1931 2276 1998 Nauck
2322 1932 2455 2020 ipsa
2501 1930 2839 2018 Phrynichi
2877 1933 3064 1999 verba
3100 1932 3179 1999 ab

920 2049 1028 2112 Ar.
1097 2047 1390 2113 traducta
1450 2071 1582 2113 esse
1643 2047 2010 2113 arbitratur.
2078 2047 2187 2114 Vs.
2255 2050 2425 2113 1490
2486 2050 2736 2123 πτήσσει
2779 2087 2868 2098 —
2915 2049 3178 2132 α’λέκτωρ

919 2163 1235 2248 parodiam
1293 2176 1426 2228 es’se
1473 2163 1704 2227 statuit
1749 2185 1965 2228 versus
2008 2186 2045 2226 a
2091 2159 2436 2227 Plutarcho
2479 2162 2612 2227 sine
2659 2171 2878 2248 poetae
2922 2164 3180 2229 nomine

919 2270 1115 2357 allati
1164 2279 1375 2343 Amat.
1426 2301 1479 2344 c.
1534 2281 1637 2342 18.
1689 2301 1749 2364 p.
1804 2279 1929 2341 762
1981 2277 2064 2342 F:
2116 2274 2326 2353 ἔπτηξ’
2372 2278 2631 2359 ἀλέκτωρ
2675 2280 2879 2345 δοῦλον
2925 2278 3001 2353 ὣς
3045 2280 3175 2346 κλί-

918 2413 1025 2463 νας
1069 2391 1290 2472 πτερόν,
1338 2414 1527 2477 quem
1573 2390 1932 2477 Phrynicho
1983 2390 2231 2471 tribuit,
2279 2391 2353 2456 fr.
2402 2389 2552 2456 Phr.
2595 2392 2715 2456 inc.
2769 2395 2871 2473 16,
2916 2415 2977 2480 p.
3023 2395 3174 2457 561.

919 2501 1015 2567 De
1059 2527 1150 2568 vs.
1204 2506 1374 2568 1492
1421 2505 1509 2569 sic
1556 2505 1799 2591 pergit:
1844 2554 1885 2583 ‚,
1905 2504 2087 2569 Sicut
2131 2503 2330 2569 verbis
2374 2506 2626 2579 πτήσσει
2669 2505 2934 2588 ἀλέκτωρ
2979 2505 3176 2591 Phry-

916 2617 1144 2696 „nichi
1201 2640 1417 2684 versus
1472 2618 1738 2698 ridetur,
1803 2620 1891 2683 ita
1953 2640 2116 2703 quae
2173 2625 2529 2703 sequuntur
2574 2641 2697 2683 non
2746 2617 2972 2684 dubito
3016 2620 3175 2704 quin

914 2730 1190 2810 „eodem
1238 2756 1271 2796 e
1309 2738 1498 2818 poeta
1537 2732 1807 2817 repetita
1839 2732 1988 2797 sint.
2028 2730 2242 2818 Comp.
2279 2730 2459 2819 Vesp.
2489 2734 2660 2796 1524
2683 2732 2884 2813 ταχὺν
2908 2733 3177 2799 πόδα-

913 2895 955 2925 „
973 2848 1195 2912 θεαταί.
1260 2846 1430 2912 Hinc
1490 2847 1774 2935 suspicor
1819 2846 2050 2912 dixisse
2095 2845 2562 2933 Phrynichum:
2611 2846 2813 2927 ταχὺν
2858 2846 3025 2912 πόδα
3067 2871 3173 2912 κυ-

912 3009 955 3040 ,,
973 2960 1315 3039 κλοσοβήσω
1359 2958 1369 3050 Ι
1409 2961 1618 3035 σκέλος
1678 2960 1928 3042 οὐράνιόν
1989 2961 2052 3040 γ’
2109 2960 2486 3041 ἐκλακτίζων.
2534 2960 2742 3025 Etiam
2791 2952 3173 3048 Eupolidem

913 3073 1165 3160 „(Com.
1232 3078 1269 3138 2
1317 3097 1380 3162 p.
1435 3077 1586 3159 569)
1632 3076 1837 3141 ris‘isse
1884 3073 2351 3161 Phrynicbeum
2401 3074 2575 3140 istud
2620 3074 2985 3156 ἐκλακτίζειν
3030 3098 3169 3163 pro·

908 3185 1170 3266 „babile
1215 3196 1327 3270 est,
1378 3188 1457 3254 cf.
1508 3188 1714 3253 Schol.
1765 3190 1876 3253 Ar.
1921 3187 2111 3275 Vesp.
2166 3190 2334 3253 1492
2384 3195 2448 3253 et
2497 3187 2731 3253 1524.”

1002 3302 1101 3388 (In
1153 3303 1252 3368 his
1297 3303 1554 3369 scholiis
1600 3304 1765 3369 nihil
1813 3303 1992 3369 aliud
2036 3304 2273 3390 legitur
2317 3326 2505 3390 quam
2551 3305 2651 3369 καὶ
2696 3305 2833 3386 παρ’
2882 3304 3171 3370 Εὐπόλιδι

904 3416 1268 3497 ἐκλακτίζειν
1322 3423 1388 3482 et
1431 3417 1536 3483 καὶ
1585 3421 1687 3484 οὐκ
1729 3417 1934 3491 ἄλλως
1983 3421 2131 3484 αὐτὸ
2180 3417 2436 3492 Εὔπολις
2482 3413 2700 3505 εἶπεν.)

866 3579 874 3586 -
993 3530 1173 3612 Quae
1244 3531 1523 3598 Nauckii
1591 3533 1953 3599 coniectura
2014 3556 2169 3598 num
2229 3556 2373 3598 vera
2430 3533 2514 3597 sit
2576 3532 2819 3598 dubito.
2883 3532 3088 3599 Versu
3135 3556 3174 3599 a

899 3642 1070 3708 Plut.
1138 3645 1356 3724 allato,
1403 3643 1615 3721 ἔπτηξ’
1664 3647 1769 3712 κτὲ
1817 3670 2019 3712 sermo
2067 3655 2161 3712 est
2206 3646 2283 3712 de
2332 3646 2579 3712 homine
2626 3669 2812 3731 quem
2861 3648 3021 3713 vires
3067 3647 3171 3713 de-

896 3757 1120 3821 ficiunt
1165 3765 1229 3823 et
1276 3760 1389 3843 qui
1431 3782 1557 3824 non
1606 3760 1852 3826 diutius
1892 3761 2145 3826 resistit.
2189 3761 2310 3826 Sed
2350 3784 2422 3825 ea
2458 3761 2770 3825 sententia
2794 3784 2830 3823 a
2855 3761 2989 3826 loco
3014 3759 3168 3826 Ves-

888 3882 1111 3957 parum
1162 3880 1290 3937 tam
1336 3872 1545 3937 aliena
1590 3882 1686 3939 est
1738 3880 1814 3938 ut
1858 3874 2298 3962 Aristophanis
2344 3876 2558 3940 animo
2598 3897 2732 3938 eam
2774 3873 3159 3940 obversatam

894 4008 1029 4051 esse
1073 3986 1332 4052 minime
1383 3988 1723 4053 verisimile
1768 3989 1871 4053 sit.
1912 3972 2167 4054 ‘Deinde
2204 4012 2333 4055 non
2370 3989 2556 4055 verba
2594 3988 2930 4074 Phrynichi
2965 3991 3172 4056 risisse

883 4100 993 4164 Ar.
1044 4100 1164 4164 sed
1211 4101 1567 4166 saltationis
1598 4101 1886 4183 schema,
1933 4125 2063 4168 non
2111 4102 2369 4169 verbum
2417 4103 2785 4184 ἐκλακτίζειν
2824 4103 2934 4168 sed
2957 4104 3168 4191 ipsum

883 4214 1276 4294 ἐκλακτίζειν,
1329 4222 1596 4302 apparet
1644 4238 1679 4280 e
1722 4239 1812 4282 vs.
1872 4218 2066 4280 1524.

976 4325 1069 4390 Ut
1115 4350 1205 4416 vs.
1261 4331 1293 4392 1
1310 4332 1440 4394 490
1490 4330 1841 4415 expediam,
1890 4319 2092 4395 aliam
2125 4330 2283 4395 mihi
2319 4330 2506 4397 liceat
2543 4354 2889 4419 proponere
2926 4332 3171 4398 coniec-

880 4447 1089 4505 turam
1114 4490 1130 4505 .
2359 4431 2367 4439 ⁶
3157 4526 3162 4532 ⁴

973 4551 1372 4640 Phrynichus
1427 4555 1783 4624 saltationis
1842 4557 2301 4643 peritissimus,
2365 4558 2519 4625 Ath.
2585 4557 2621 4624 I
2679 4582 2733 4625 c.
2783 4561 2888 4640 39,
2935 4583 2999 4648 p.
3049 4563 3163 4642 22,
