3875 5634
1707 719 2186 766 AGRARNENSES.
2939 702 3020 766 17

826 892 1149 957 notatione
1204 888 1364 955 nihil
1422 888 1576 972 certi
1633 888 1790 954 effici
1833 895 2064 976 potest.
2111 886 2190 952 In
2237 894 2489 975 promtu
2535 894 2669 953 erat
2708 887 3056 975 Telephum

824 1006 1101 1102 indicare
1154 1005 1260 1071 cui
1304 1001 1567 1068 dramati
1608 1002 1965 1090 saepissime
2009 1002 2077 1067 in
2121 1001 2279 1068 Aah.
2324 1001 2554 1067 alludit
2600 1002 3063 1090 Aristophanes.

830 1238 938 1306 Vs.
985 1232 1151 1306 478.
1240 1338 1245 1343 .
1567 1195 1577 1206 ⁸
1682 1235 1976 1320 μητρόθεν
2021 1236 2388 1316 δεδεγμένος.
3051 1312 3061 1324 ο

914 1353 1181 1419 Locutio
1227 1352 1533 1419 cothurno
1577 1374 1767 1437 quam
1811 1373 1989 1417 socco
2034 1350 2256 1438 aptior.
2307 1348 2654 1417 Conserunt
2689 1351 3062 1439 interpretes

829 1468 1052 1535 Aesch.
1101 1465 1375 1553 Choeph.
1425 1469 1585 1533 750:
1629 1463 1693 1531 ὃν
1737 1461 2020 1546 ἐξέθρεψα
2066 1462 2356 1546 μητρόθεν
2402 1463 2744 1543 δεδεγμένη.

809 1672 939 1758 'Vs.
988 1685 1132 1757 480
1182 1713 1314 1778 sqq.
1364 1690 1643 1756 Refertos
1702 1711 1835 1756 esse
1893 1710 2112 1754 versus
2173 1691 2521 1754 480-489
2565 1687 2767 1755 verbis
2813 1691 3069 1777 tragicis

833 1830 1014 1873 nemo
1073 1829 1198 1873 nou
1258 1805 1449 1872 videt.
1510 1802 1605 1870 Cf.
1664 1803 2007 1870 ridiculum
2055 1803 2334 1883 πρόβαινε
2379 1808 2474 1868 νῦν
2519 1798 2562 1868 ὦ
2605 1802 2768 1883 θυμέ
2813 1807 2963 1885 483,
3010 1812 3075 1871 et

832 1921 1040 2003 καρδία
1082 1918 1510 1993 ἄπελθε-την
1552 1912 1826 2001 κεφαλὴν
1870 1922 2187 1999 παράσχες
2239 1917 2456 1983 εἷποῦσ’
2502 1940 2588 1983 vs.
2630 1920 2782 1983 485.
2821 1917 2915 1985 Cf.
2957 1918 3074 2006 Eq.

835 2036 1026 2099 1194.
1084 2032 1166 2099 In
1227 2032 1404 2097 chori
1465 2031 1740 2097 carmine
1802 2032 2157 2096 490—495
2216 2037 2399 2117 poeta
2445 2032 2711 2117 tragicos
2755 2032 3071 2099 dochmios

834 2147 1140 2212 imitatur.
1186 2143 1281 2211 Cf.
1329 2144 1714 2211 Muellerum
1759 2167 1817 2211 a.
1850 2144 1930 2211 ·h.
1979 2144 2025 2209 l.

835 2368 943 2434 Vs.
991 2363 1402 2434 496-556.
1450 2367 1799 2435 Continent
1849 2368 1920 2434 hi
1967 2391 2184 2434 versus
2227 2372 2384 2451 ῥῆσιν
2430 2369 2684 2452 μακράν,
2733 2392 2921 2455 quam
2963 2371 3083 2437 Di·

832 2483 1157 2572 casopolis,
1216 2485 1342 2549 iam
1400 2482 1697 2566 ῥηματίων
1752 2482 2158 2562 ἐμπλήμενος,
2205 2481 2717 2549 Acharnensibus
2760 2485 3073 2550 recitavit.

832 2581 1194 2663 Videnilum
1239 2603 1336 2663 est
1377 2596 1653 2684 primum
1698 2594 1857 2681 quid
1898 2618 2012 2661 nos
2055 2593 2320 2659 doceant
2365 2594 2756 2662 scholiastae.

836 2709 938 2775 Ad
984 2713 1147 2776 496:
1192 2710 1307 2776 Ἐκ
1352 2709 1639 2792 Τηλέφου
1684 2707 2003 2792 Εὐριπίδου

1233 2824 1321 2903 μή
1367 2848 1468 2904 μοι
1510 2822 1866 2907 (φθονήσητ’.
1912 2822 2113 2905 ἄνδρες
2162 2822 2461 2897 Ἑλλήνων
2505 2820 2683 2905 ἄκροι,

1231 2938 1281 3004 εἶ
1323 2938 1568 3019 πτωχὸς
1612 2936 1688 3003 ὢν
1732 2933 1973 3011 τέτληκ’
2019 2937 2081 3001 ἐν
2124 2935 2422 3002 ἐσθλοῖσιν
2467 2934 2676 3016 λέγειν.

920 3051 999 3117 fr.
1052 3052 1197 3117 701.
1242 3048 1460 3117 Priore
1516 3071 1701 3116 versu
1758 3071 1913 3115 usus
1974 3055 2070 3114 est
2123 3048 2313 3114 etiam
2359 3048 2578 3114 Alexis
2615 3050 2784 3137 apud
2830 3050 3065 3118 Athen.

837 3162 980 3229 XV.
1028 3168 1151 3231 44:
1883 3164 1894 3174 ’

1232 3281 1320 3359 μή
1367 3303 1467 3359 μοι
1510 3278 1864 3363 warenne,
1910 3258 2114 3362 ἄνδρες
2161 3278 2459 3353 Ἑλλήνων
2504 3276 2680 3360 ἄκροι.
2729 3254 2734 3265 ³

1234 3391 1565 3475 ἠλειφόμην
1608 3390 1848 3472 ὑόμενος
1893 3391 2038 3491 ἰρίνῳ
2086 3391 2263 3474 μύρῳ·

920 3506 1024 3573 Ad
1071 3508 1195 3571 540
1241 3508 1360 3588 ἐρεῖ
1398 3529 1509 3586 τις,
1555 3507 1619 3572 οὐ
1666 3514 1852 3589 χρῆνε
1896 3504 2017 3572 Καὶ
2054 3510 2227 3571 τοῦτο
2263 3505 2383 3571 ἀπὸ
2428 3505 2715 3588 Τηλέφου
2736 3509 3070 3590 Εὐριπίδου.

835 3620 914 3685 fr.
990 3620 1139 3686 707.
1197 3617 1385 3701 Quod
1445 3641 1572 3685 non
1633 3626 1905 3705 quatuor
1967 3618 2122 3684 haec
2179 3618 2368 3684 verba
2425 3625 2670 3685 tantum
2716 3620 2824 3686 sed
2869 3630 3073 3689 totum

835 3756 1083 3800 versum
1141 3739 1420 3836 spectare
1472 3734 1742 3814 videtur,
1789 3739 1866 3797 ut
1910 3731 2161 3819 saepius
2204 3732 2297 3812 fit,
2345 3733 2423 3799 cf.
2472 3732 2677 3798 Schol.
2724 3738 2874 3815 446,
2922 3738 3073 3817 454,
3176 3728 3187 3739 ’

840 3851 965 3912 555
1014 3852 1079 3912 et
1121 3847 1372 3934 passim.

923 3959 1027 4025 Ad
1070 3954 1193 4026 541
1239 3959 1576 4034 ἐκπλεύσας
1619 3958 1843 4041 σκάφει
1878 3959 2046 4025 nihil
2081 3958 2269 4024 habet
2310 3958 2513 4025 Schol.
2555 3962 2852 4026 Attamen
2874 3986 2910 4026 e
2933 3971 3054 4041 tra·

793 4070 799 4076 ’
833 4073 1056 4161 goedia
1099 4075 1458 4140 desumtum
1504 4080 1628 4153 est;
1675 4073 1914 4155 σκάφος
1953 4073 2022 4138 in
2060 4074 2173 4137 Ar·
2213 4095 2340 4138 non
2382 4072 2506 4138 nisi
2528 4074 2597 4138 in
2622 4073 2899 4161 parodia,
2923 4074 3068 4161 Lys.

838 4190 985 4270 139,
1010 4187 1256 4254 Thesm.
1284 4187 1433 4269 877,
1456 4186 1614 4252 Ban.
1641 4189 1834 4268 1382,
1860 4185 2062 4251 autin
2087 4185 2455 4271 metaphora
2469 4185 2936 4274 poetica,·Vesp.
2961 4192 3067 4255 29.

923 4298 1047 4367 Ad'
1089 4303 1214 4367 543
1259 4295 1297 4377 ἦ
1340 4304 1562 4367 πολλοῦ
1609 4324 1683 4379 γε
1727 4300 1825 4365 δεῖ
1865 4327 1881 4365 :
1925 4299 2061 4365 ἀντὶ
2105 4304 2209 4365 τοῦ
2259 4299 2387 4364 οὐδὲ
2431 4295 2592 4372 ὅλως.
2641 4299 2745 4377 καὶ
2791 4306 2963 4368 τοῦτο
3004 4303 3070 4369 ἐκ

837 4414 1145 4497 Τηλέφου,
1191 4436 1459 4500 quorum
1502 4435 1647 4501 pars
1689 4413 1887 4500 prior,
1929 4410 2328 4487 ἀντὶ-ὅλως,
2366 4410 2447 4477 ad
2481 4412 2707 4478 lemma
2741 4408 2963 4489 ἦ-δεῖ
2977 4422 3073 4480 est
3159 4488 3170 4507 ,

835 4527 1179 4607 referenda,
1222 4527 1441 4609 altera,
1487 4524 1995 4609 καὶ-Τηλέφου,
2041 4524 2122 4591 ad
2168 4531 2375 4590 totum
2423 4546 2689 4617 versum.

2787 4637 2815 4679 s
