3875 5634
864 703 961 765 '64
1835 717 2096 763 vasam.

832 898 1224 975 vagarentur.
1273 889 1473 955 Docet
1517 889 1635 954 boc
1679 889 1834 955 Eur.
1875 889 2049 976 Cycl.
2094 893 2243 955 203.
2287 891 2555 972 Silenus,
2595 892 2739 957 vino
2763 891 2841 957 ab
2868 891 3091 979 Ulysse

831 1012 1105 1091 accepto,
1164 1004 1370 1069 laetus
1431 1003 1612 1083 bibit,
1674 1005 1866 1091 satyri
1926 1027 2072 1070 oves
2115 1028 2240 1071 nou
2290 1012 2534 1084 curant,
2583 1007 2923 1071 intervenit
2973 1005 3095 1092 Cy-

832 1119 1005 1206 clops
1052 1116 1387 1205 obiurgans
1431 1141 1570 1184 eos:

1274 1231 1478 1315 ἄνεχε,
1525 1233 1777 1316 πάρεχε,
1822 1234 1887 1299 τί
1927 1234 2108 1310 τάδες
2157 1236 2246 1308 τίς
2296 1234 2329 1309 ἦ
2375 1236 2667 1319 ῥᾳθυμίας

1275 1348 1338 1412 τί
1377 1346 1785 1430 βακχιάζετ’;
1832 1347 1977 1429 οὐχὶ
2028 1348 2300 1421 Διόνυσος
2346 1348 2512 1415 τάδε.

918 1460 1443 1548 Indignabundus
1480 1470 1545 1526 et
1591 1463 1850 1528 mordax
1897 1460 2087 1527 verba
2131 1462 2369 1549 profert
2404 1484 2563 1546 quae
2606 1462 2802 1528 Sileni
2826 1444 3092 1548 gaudio,

827 1577 907 1656 τῷ
953 1574 1332 1657 βακχιάζων,
1383 1598 1658 1661 congrua
1703 1584 1875 1658 sunt,
1925 1598 2215 1662 quaeque
2255 1576 2490 1663 optime
2527 1576 2988 1662 intelleguntur
3034 1577 3089 1642 si

828 1690 906 1755 iis
964 1691 1394 1778 componimus
1457 1692 1737 1757 convicia
1798 1691 2086 1757 monachi
2146 1692 2212 1756 in
2260 1690 2548 1756 Schilleri
2592 1690 2869 1756 dramate
2917 1689 3091 1756 Wal-

826 1803 1119 1870 lensteins
1156 1803 1393 1891 Lager:
1520 1861 1524 1865 ⁴

1226 1919 1437 2000 Heisa,
1485 1920 1527 1985 J
1529 1921 1864 1987 uchheisa!
1913 1921 2421 1997 Dudeldumdei!

1225 2034 1355 2101 Das
1400 2037 1556 2123 geht
1596 2038 1663 2124 ja
1708 2036 1874 2103 hocb
1924 2037 2054 2102 her.
2105 2036 2227 2102 Bin
2273 2036 2437 2102 auch
2481 2034 2682 2101 dabei.

914 2147 1284 2214 Hauserunt
1347 2150 1545 2236 igitur
1612 2150 1952 2238 Euripides
2020 2159 2084 2215 et
2155 2149 2604 2237 Aristophanes
2672 2172 2706 2213 e
2764 2148 3087 2213 communi

825 2262 997 2327 fonte
1013 2289 1031 2340 ;
1092 2263 1268 2328 illius
1311 2263 1497 2329 verba
1542 2264 1644 2330 bic
1689 2288 1814 2331 non
1862 2266 2165 2352 expressit
2209 2274 2273 2329 et
2324 2264 2553 2329 iniuria
2598 2263 2712 2328 hoc
2757 2261 3072 2327 Troadum

825 2374 960 2440 loco
1018 2398 1167 2441 usus
1212 2385 1305 2442 est
1348 2377 1688 2457 Brentano,
1751 2381 2274 2462 Unfersuckunqen
2322 2381 2492 2444 ueher-
2535 2381 2644 2443 das
2696 2379 2803 2442 Gr.
2853 2380 3082 2456 drama,

829 2492 1019 2571 1871,
1062 2513 1123 2577 p.
1176 2495 1323 2573 195,
1376 2501 1450 2557 ut
1496 2515 1674 2558 suam
1721 2493 2000 2558 firmaret
2039 2493 2459 2558 coniecturam
2497 2490 2572 2555 de
2613 2489 2834 2576 Vespis
2879 2513 2913 2554 e
2935 2488 3089 2554 dua·

823 2602 941 2668 bus
985 2602 1214 2670 fabulis
1260 2608 1635 2694 compositis·

786 2762 798 2771 -
912 2720 1144 2784 Avium
1186 2745 1274 2785 vs.
1327 2725 1495 2788 1720
1544 2744 1690 2788 cum
1733 2722 1851 2788 hoc
1895 2723 2032 2788 loco
2076 2723 2238 2787 nihil
2285 2743 2611 2787 commune
2655 2717 2866 2783 habet.

822 2944 928 3010 Vs.
983 2939 1189 3014 1397.
1239 2957 1346 3023 τῆς
1392 2950 1789 3028 Ἀγκυλίωνος
1839 2948 2151 3029 θυγατέρος
2198 2948 2302 3014 καὶ
2350 2946 2722 3029 Σωστράτης.

910 3062 1241 3144 Θυγατέρος
1308 3062 1505 3128 forma
1566 3070 1662 3128 est
1720 3064 1981 3149 tragica.
2050 3061 2341 3128 Ridicule
2404 3061 2630 3127 mulier
2684 3082 2847 3145 quae
2895 3083 3086 3146 panes

817 3175 1102 3241 venditat
1160 3176 1445 3262 loquitur
1500 3184 1577 3242 ut
1637 3177 1768 3242 fflia
1828 3177 2022 3271 regia,
2080 3199 2243 3262 quae
2302 3176 2482 3241 claris
2539 3173 2902 3261 parentibus
2953 3173 3088 3260 glo·.

816 3290 1032 3355 rietur.
1081 3287 1174 3355 Cf.
1222 3289 1408 3356 verba
1453 3289 1762 3369 Pheretis,
1810 3291 1951 3356 Alc.
2005 3291 2154 3355 677.

821 3515 926 3581 Vs.
981 3510 1187 3581 1412.
1683 3517 1792 3584 καὶ
1838 3519 1912 3583 σὺ
1959 3518 2028 3593 δή
2080 3542 2198 3597 μοι,
2248 3520 2573 3600 Χαιρεφῶν,

1280 3631 1518 3710 γυναικὶ
1565 3632 1867 3706 κλητεύειν
1915 3634 2109 3704 ἐοικὼς
2157 3631 2395 3712 θαψίνῃ,

1283 3748 1423 3812 Ἰνοῖ
1459 3747 1805 3829 κρεμαμένῃ
1852 3748 1992 3829 πρὸς
2042 3746 2230 3811 ποδῶν
2278 3745 2618 3826 Εὐριπίδου.

907 3859 1080 3925 Haec
1124 3882 1249 3925 non
1292 3860 1595 3947 intellego
1643 3862 1889 3925 etiamsi
1937 3882 2085 3926 cum
2121 3860 2269 3925 viris
2315 3858 2513 3924 doctis
2551 3856 2845 3932 κλητεύων
2886 3857 3076 3930 ἔοικας

813 3972 1067 4059 legitur.
1137 3972 1367 4058 Neque
1435 3981 1880 4059 argumentum
1951 3972 2223 4052 fabulae,
2295 3993 2498 4056 neque
2566 3971 2802 4037 scholia
2870 3971 3080 4036 lucem

812 4087 1102 4152 afferunt.

904 4203 1369 4287 Argumentum
1425 4202 1717 4266 novimus
1780 4225 1855 4266 ex
1902 4201 2139 4288 Hygini
2187 4200 2309 4265 fab.
2359 4198 2473 4291 117,
2522 4222 2681 4285 quae
2726 4199 2845 4264 Ino
2892 4198 3078 4263 Euri·

808 4314 971 4401 pidis
1032 4316 1395 4381 inscribitur
1453 4325 1518 4380 et
1574 4316 1728 4381 haec
1792 4315 2014 4380 habetz
2078 4365 2119 4395 „
2141 4317 2428 4381 Athamas
2475 4316 2542 4379 in
2600 4314 2905 4379 Thessalia
2955 4336 3084 4393 res,

808 4452 937 4494 cum
1002 4430 1238 4495 Inonem
1302 4453 1534 4495 uxorem
1597 4454 1669 4494 ea·
1728 4454 1848 4516 qua
1907 4435 2055 4496 duos
2102 4432 2274 4516 filios
2301 4476 2499 4496 .....
2543 4431 2763 4513 perisse
2791 4434 3066 4512 putaret,

805 4543 999 4623 duxit,
1060 4545 1346 4630 nymphae
1369 4551 1465 4626 (2⁹)
1498 4545 1710 4630 filiam
1765 4545 2182 4610 Themistonem
2225 4565 2479 4623 uxorem,
2523 4565 2596 4607 οει·
2644 4565 2763 4628 qua
2803 4542 3063 4626 qeminos
