3875 5634
899 697 1023 759 140
1857 714 2095 759 aaut.

849 881 1023 945 iocus
1093 886 1166 942 ut
1234 879 1437 957 aliam,
1503 880 1553 943 si
1616 879 1746 944 fieri
1811 889 2041 966 potest,
2105 882 2265 946 viam
2316 881 2561 966 ingredi
2608 890 2899 968 praestet.
2944 882 3101 949 Prae

852 999 1027 1056 metu
1095 998 1327 1073 πυρριᾶιν
1388 993 1464 1058 de
1526 1016 1652 1058 una
1717 1003 1965 1059 tantum
2031 986 2301 1082 corporis
2349 1004 2523 1081 parte
2572 995 2695 1060 dici
2745 1004 2974 1082 potest,
3022 998 3100 1063 de

847 1099 1107 1187 mam-1³:2³,
1170 1115 1233 1170 et
1282 1108 1437 1172 hanc
1485 1106 1669 1172 verbo
1716 1108 1804 1172 ὁδὶ
1856 1110 2079 1186 voluit,
2130 1109 2371 1195 opinor,
2423 1109 2893 1195 Aristophanes,
2954 1110 3098 1174 Non

847 1220 1139 1305 profect-0,
1189 1221 1240 1285 si
1287 1221 1374 1284 ita
1420 1221 1923 1306 interpretamur,
1974 1222 2309 1287 admodum
2352 1222 2604 1307 elegans
2651 1223 2859 1288 evadit
2892 1224 3098 1301 iocus;

850 1332 1043 1423 salem·
1085 1340 1148 1397 et
1196 1334 1463 1419 leporem
1513 1336 1576 1398 in
1627 1357 1698 1399 eo
1739 1335 1971 1399 frustra
2019 1336 2283 1420 quaeris,
2324 1336 2430 1400 sed
2470 1338 2719 1422 saepius
2758 1337 3104 1402 delectatur

855 1447 1305 1532 Aristophanes
1374 1447 1585 1525 γέλωτι
1657 1450 1995 1529 Μεγαρόύεν
2066 1450 2468 1529 κεκλεμμένα.
2535 1452 2704 1536 Apte
2767 1452 3103 1536 comparari

855 1568 1116 1645 possunt
1176 1561 1290 1644 Eq.
1356 1566 1503 1640 900,
1569 1562 1675 1626 ubi
1740 1562 1814 1625 ‹le
1883 1562 2182 1627 Heliastis
2228 1563 2336 1647 qui
2386 1563 2691 1648 silphium
2743 1571 3098 1647 gustassent

859 1673 1299 1756 Agoracritus:
1346 1676 1407 1738 οὐ
1453 1674 1569 1754 γὰρ
1614 1676 1731 1739 τόθ’
1779 1676 1949 1752 ὑμεῖς
2000 1675 2300 1752 βδεόμενοι
2346 1675 2531 1747 δήπου
2580 1675 2834 1752 ’γένεσθε
2879 1679 3068 1758 πυρροί
3082 1705 3100 1757 ;

855 1785 1025 1849 Eecl.
1091 1788 1282 1865 1061,
1331 1786 1439 1851 ubi
1484 1789 1759 1851 iuvenis:
1812 1790 2013 1867 πυρρὸν
2062 1789 2189 1867 ἕψει
2238 1789 2306 1866 μ’
2355 1790 2573 1853 αὐτίκα
2623 1790 2732 1855 ὑπὸ
2777 1795 2878 1854 τοῦ
2923 1791 3101 1864 δέους,

856 1898 1026 1962 Eccl.
1080 1902 1229 1977 3:29,
1272 1900 1426 1964 Ran.
1477 1904 1606 1964 484
1653 1924 1784 1985 sqq.

947 2012 1066 2076 Sed
1113 2012 1434 2077 redeamus
1481 2014 1559 2077 ad
1597 2038 1682 2078 vs.
1734 2019 1880 2079 297.
1933 2014 2352 2081 Coniecerunt
2404 2017 2717 2097 nonnulli,
2765 2024 2837 2080 ut
2877 2040 2909 2081 e
2936 2017 3104 2082 seho—

856 2127 956 2189 Iiis
1003 2136 1278 2211 apparet,
1329 2127 1514 2191 verba
1559 2129 1699 2208 ἱερεῦ
1747 2131 1869 2193 κτὲ.
1912 2130 2229 2215 parodiam
2269 2154 2399 2193 esse
2440 2154 2653 2195 versus
2676 2130 2943 2195 alicuius
2968 2154 3106 2217 poe-

859 2249 992 2303 tae:
1064 2242 1221 2318 ἓχειν
1271 2241 1331 2304 δέ
1378 2250 1532 2321 φασι
1578 2267 1683 2306 και
1731 2244 1871 2320 λο’γο
1878 2269 1903 2306 ν
1954 2240 2100 2308 εἶναι’
2142 2268 2286 2308 τινο..
2271 2246 2426 2308 τὸν
2474 2246 2680 2323 στίχον
2726 2250 2960 2319 ποιητοῦ
3008 2251 3106 2309 νῦν

866 2354 1233 2434 διασυρόμενο
1240 2380 1267 2416 ν
1339 2366 1401 2418 et
1465 2382 1496 2429 ν
1560 2382 1660 2420 και
1723 2358 1999 2436 διασύρων
2062 2360 2191 2421 τινα
2240 2365 2315 2420 τρὶ
2309 2383 2351 2419 ν
2402 2360 2650 2434 Φαύλων
2696 2364 2960 2430 ποιητῶν.
3013 2358 3105 2422 De

862 2468 1139 2545 διασύρειν
1201 2491 1343 2531 vero
1402 2493 1475 2532 ne
1535 2472 1789 2552 cogitari
1854 2471 2109 2553 quidem
2174 2480 2381 2555 potest
2444 2494 2645 2554 neque
2710 2472 2785 2534 de
2832 2473 3106 2557 parodiaj

861 2582 1101 2666 opinor,
1166 2605 1306 2645 cum
1371 2586 1934 2666 grammaticorum,
2001 2585 2111 2668 qui
2171 2586 2233 2647 in
2302 2585 2469 2648 hunc
2517 2584 2725 2649 locum
2773 2585 3103 2668 inquisive-

860 2702 1030 2772 runt,
1079 2696 1384 2760 nerninem
1432 2697 1617 2760 talem
1670 2721 1912 2761 versum
1962 2699 2121 2762 alius
2167 2706 2383 2783 poetae
2431 2699 2669 2762 novisse
2718 2708 3025 2784 appareat.

864 2922 968 2986 Vs.
1020 2915 1182 2985 303.
1255 2920 1449 2996 ἔξεστί
1491 2921 1537 2987 θ’
1595 2920 1779 3001 ὥσπερ
1826 2924 2163 3002 Ἡγέλοχος
2211 2927 2355 3001 ἡμῖν
2401 2924 2594 3001 λέγειν

1261 3040 1325 3103 ἐκ
1369 3037 1649 3113 κυμάτων
1695 3038 1809 3116 γαρ
1858 3034 2019 3109 αὖθις
2064 3033 2140 3101 αὖ
2185 3047 2381 3114 γαλῆν
2426 3037 2546 3115 ὁρῶ.

949 3153 1332 3217 Notissimus
1393 3159 1485 3214 est
1549 3174 1718 3214 error
1778 3150 2120 3231 Hegeloehi
2169 3151 2486 3214 histrionis
2534 3151 2642 3234 qui
2691 3150 2933 3214 Orestis
2979 3172 3110 3235 par-

862 3276 957 3330 tes
1004 3268 1153 3350 egit,
1202 3266 1309 3330 Or.
1363 3268 1507 3329 279.
1561 3265 1778 3329 Eidem
1827 3265 2115 3329 luserunt
2164 3265 2440 3341 Strattis,
2493 3265 2688 3328 Mein.
2740 3264 2811 3328 II
2860 3287 2917 3348 p.
2959 3267 3105 3341 787,

1260 3380 1473 3456 γαλήν
1523 3380 1639 3457 ὁρῶ.
1691 3390 1756 3443 Β.
1808 3387 1919 3451 ποῖ,
1979 3418 2008 3442 ι
1975 3404 2110 3459 ρο
2159 3382 2309 3451 θεῶν,
2361 3387 2463 3443 ποῖ
2504 3387 2611 3443 ποῖ
2650 3386 2884 3456 γαλῆνς

1266 3503 1339 3557 Α.
1393 3492 1626 3570 γαλήν.
1677 3503 1739 3554 B.
1790 3494 1905 3569 ἐγὼ
1953 3493 2004 3555 δ’
2058 3494 2221 3572 ᾤμην
2268 3517 2334 3556 σε
2381 3501 2578 3569 γαλῆν
2625 3493 2815 3568 λεὀειν
2862 3492 2981 3570 ὁρῶ.

868 3615 932 3672 et
979 3608 1280 3692 Sannyrio
1322 3608 1384 3671 in
1429 3607 1659 3680 Danae,
1701 3606 1895 3671 Mein.
1939 3607 2009 3671 II
2052 3629 2112 3692 p.
2143 3609 2291 3670 874.
2319 3606 2413 3670 De
2440 3631 2522 3670 x*
2551 3609 2674 3670 311
2704 3607 2829 3671 vid.
2855 3606 2931 3670 ad
2962 3607 3108 3669 100.

870 3833 976 3895 Vs.
1029 3825 1190 3897 320.
1262 3832 1459 3913 ᾄδουσι
1508 3836 1647 3907 γοῦν
1694 3832 1788 3894 τὸν
1838 3827 2090 3908 Ἴακχον
2134 3828 2298 3908 ὅνπερ
2348 3828 2667 3907 Διαγόρας.

958 3946 1154 4009 Kock.
1206 3970 1259 4008 a.
1310 3945 1371 4008 h.
1423 3945 1502 4008 l.:
1550 3943 1754 4022 „Wie-
1808 3943 1950 4007 Wo.
2003 3946 2128 4005 830
2181 3942 2460 4006 Socrates
2499 3942 2591 4005 als
2630 3940 3115 4022 Gottesleugner

867 4062 950 4139 „0‘
1001 4064 1227 4134 Μήλιος
1275 4067 1550 4143 genannt
1598 4060 1766 4135 wird,
1817 4082 1882 4120 so
1936 4057 2269 4121 bezeichne
2318 4056 2451 4119 hier
2502 4057 2611 4119 der
2651 4053 2853 4117 Name
2892 4052 3115 4136 Diago—

867 4198 1019 4253 „ras
1057 4175 1175 4238 den
1225 4173 1574 4258 Euripides,
1624 4172 1732 4235 der
1782 4173 1846 4235 in
1896 4173 2017 4235 den
2061 4170 2359 4234 Bakchen
2407 4193 2513 4233 vor
2560 4169 2797 4252 einiger
2845 4166 2976 4230 Zeit
3016 4166 3116 4230 die

866 4288 1225 4368 „Maiestiit
1285 4287 1392 4349 des
1463 4286 1772 4370 Dionysus
1840 4285 2268 4359 verherrlieht‚
2334 4284 2397 4346 in
2461 4306 2526 4346 so
2591 4282 2794 4345 vielen
2845 4281 3115 4344 anderen

871 4402 1201 4480 „Dramcn
1264 4402 1410 4465 aber
1473 4401 1602 4465 sich
1665 4401 1756 4464 als
1817 4403 1910 4463 ein
1962 4400 2196 4462 wahrer
2246 4397 2544 4481 Diagoras
2593 4396 2835 4481 gezeigt
2881 4390 3116 4456 hatte.'’

874 4516 991 4579 Cui
1039 4515 1430 4580 coniecturae
1479 4513 1684 4579 obstat
1731 4513 2004 4577 Bacchas
2050 4519 2189 4597 post
2226 4512 2430 4576 Ranas
2469 4512 2685 4575 doctas
2722 4532 2871 4573 esse.
2910 4506 3120 4571 Ranae
