3875 5634
1481 830 1564 874 nr.
1611 830 1775 874 ‘raon
1784 830 1974 874 maus
2022 829 2365 874 nummus.
2881 818 3005 880 209

796 997 1227 1064 1748—1757
1275 1020 1348 1062 eo
1394 997 1754 1082 migravisse
1803 1021 1880 1063 ex
1925 998 2251 1084 Euripidis
2300 996 2639 1083 Antigone,
2697 1021 2901 1085 neque
2947 1025 3050 1067 ne·

781 1102 919 1185 *gari
963 1106 1170 1186 potest
1215 1100 1326 1164 hos
1373 1123 1583 1164 versus
1628 1123 1771 1166 cum
1821 1100 2121 1187 proximis
2170 1100 2424 1164 minime
2474 1100 2822 1166 cohaerere.

880 1201 1040 1267 Inde
1108 1225 1144 1265 a
1198 1225 1283 1266 νε.
1351 1204 1517 1265 1683
1581 1199 1864 1289 Oedipus
1928 1203 2316 1286 Antigonam
2364 1224 2654 1266 revocare
2704 1211 2964 1270 conatur
3010 1229 3047 1269 a

790 1306 1102 1390 proposito
1161 1302 1327 1388 quod
1399 1307 1568 1370 1679
1618 1312 1983 1391 aperuerat:
2032 1299 2461 1384 ξυμφεύξομκι
2512 1304 2647 1383 τῷδ’
2694 1305 3037 1387 ἀθλιωτάτῳ

790 1404 985 1486 πατρί,
1033 1404 1141 1469 sed
1184 1405 1445 1485 frustra3
1493 1413 1674 1491 parat
1719 1405 2024 1492 proficisci
2071 1412 2136 1469 et
2182 1403 2348 1469 filiae
2395 1426 2459 1468 se
2500 1406 2857 1484 committit,
2883 1428 3043 1491 quae

790 1528 969 1571 caeco
1015 1506 1146 1571 dux
1190 1507 1327 1583 erit,
1381 1507 1583 1570 1714}
1632 1508 1769 1588 ἰδοὺ,
1819 1506 2156 1588 πορεύρμκι,
2205 1505 2420 1570 τέκνον·
2463 1502 2473 1595 Ι
2513 1505 2586 1570 σύ
2634 1530 2733 1585 μοι
2780 1508 3040 1587 ποδαγὸς

788 1608 967 1673 ἆθλίκ
1014 1607 1080 1692 (l.
1128 1607 1330 1693 ἀθλίῳ)
1379 1612 1566 1686 γενοῦ.
1748 1676 1756 1685 ,

877 1709 1107 1774 Nonne
1187 1710 1384 1793 igitur
1463 1731 1834 1795 magnopere
1903 1709 2261 1774 mirandum
2333 1715 2427 1773 est
2495 1706 2879 1794 Oedipodem
2944 1733 3031 1774 νε.

795 1812 963 1874 1748
1010 1833 1141 1895 sqq.
1180 1811 1411 1875 iterum
1444 1810 1636 1874 filiam
1675 1810 2034 1876 dissuadere
2073 1833 2155 1875 ne
2192 1832 2403 1874 secum
2443 1810 2509 1875 in
2544 1810 2804 1876 exilium
2838 1809 3040 1891 abeat,

791 1910 1045 1997 perinde
1104 1933 1176 1975 ac
1236 1912 1286 1976 si
1344 1911 1504 1976 nihil
1564 1911 1770 1977 adhuc
1829 1911 1945 1977 hac
2006 1911 2084 1977 de
2127 1935 2196 1977 re
2240 1910 2540 1977 dixisset?
2578 1911 2803 1977 Nonne
2848 1913 3044 1999 magis

791 2013 976 2078 etiam
1025 2013 1395 2092 mirandum,
1444 2014 1569 2077 imo
1614 2014 1897 2099 ineptum
1951 2020 2046 2077 est
2092 2012 2406 2097 colloquio
2448 2013 2630 2079 finem
2673 2014 2872 2080 facere
2910 2016 3038 2081 An·

792 2115 1066 2199 tigonam
1102 2114 1588 2198 interrogatione
1631 2115 1800 2178 1758
1841 2136 1977 2203 sqq.
2019 2114 2326 2192 Καδμείαν
2362 2151 2454 2163 -
2490 2115 2810 2191 διδοῦσκςὶὶ
2848 2116 3041 2183 Recte

792 2216 996 2280 Schol.
1062 2217 1267 2280 1752:
1329 2213 1544 2289 ἄδηλον
1605 2216 1667 2280 δὲ
1727 2216 1865 2296 πρὸς
1929 2215 1994 2279 τί
2049 2238 2195 2280 ποτε
2245 2214 2435 2294 Φησὶν
2481 2216 2667 2289 αὐτὴν
2711 2217 2845 2291 τοὺς
2894 2219 3047 2291 θεοὺς

789 2314 984 2392 ἀξιοῦν
1028 2314 1132 2381 καὶ
1180 2315 1455 2395 μάλιστ-,κ
1500 2318 1598 2382 τὸν
1634 2318 1928 2381 Διόνυσον.
1965 2317 1992 2381 o‘
2033 2316 2096 2381 δὲ
2136 2316 2307 2397 χόρος
2346 2317 2729 2394 ἀσυμπαθὴς,
2770 2318 3039 2400 παρθένον

789 2416 964 2490 οὕτως
1006 2418 1254 2497 ἀτυχῶς
1299 2416 1640 2495 Φεύγουσπκν
1688 2417 1777 2497 μὴ
1825 2418 2241 2499 οἱκτιζόμενος.

878 2519 1072 2584 Plura
1138 2520 1358 2584 insunt
1426 2519 1573 2583 huic
1634 2527 1983 2604 postremae
2044 2518 2524 2584 Phoenissarum
2585 2542 2819 2600 scenae,
2872 2545 3031 2611 quae

790 2621 1101 2704 legentem
1162 2619 1496 2685 offendant.
1547 2619 1637 2684 Ut
1684 2619 1762 2686 de
1807 2620 1951 2685 aliis
1998 2628 2259 2700 taceam,
2310 2621 2449 2686 vide
2496 2622 2744 2710 qualem
2789 2624 3039 2690 finxerit

789 2729 973 2808 poeta
1019 2721 1421 2805 Antigonam.
1472 2720 1539 2785 Si
1583 2744 1699 2786 vss.
1752 2724 2192 2785 1644—1659
2240 2721 2528 2807 legimus,
2575 2725 3032 2808 magnanimam

788 2830 853 2888 et
911 2821 1283 2909 intrepidam
1332 2823 1709 2887 admiramur
1756 2824 2085 2908 virginem,
2134 2845 2315 2912 quae,
2366 2824 2459 2888 ira
2504 2824 2756 2889 incensa
2798 2824 2878 2890 ob
2922 2827 3041 2891 ini-

787 2948 984 3012 quum
1054 2923 1340 2989 Creontis
1407 2925 1668 3002 iussum,
1731 2925 2052 3009 praedicat
2113 2947 2178 2987 se
2241 2924 2455 2989 invitis
2514 2924 2799 2991 omnibus
2859 2927 3039 2992 fratri

790 3026 958 3091 iusta
1004 3049 1135 3092 esse
1179 3027 1504 3106 facturam,
1550 3049 1638 3089 vs.
1690 3029 1858 3092 1647
1887 3053 1902 3090 z
2345 3065 2350 3070 -

1141 3127 1372 3210 ἄφρονά
1414 3151 1504 3206 γε,
1550 3126 1658 3192 καὶ
1704 3127 1777 3191 σὺ
1825 3126 2056 3207 actum)
2082 3125 2144 3200 ὃς
2189 3127 2383 3192 ἐπίθου
2429 3127 2591 3193 τάδε.

790 3238 855 3297 et
903 3231 1071 3294 1657
1103 3256 1117 3293 :

1141 3331 1258 3409 ἐγώ
1304 3336 1426 3410 σφε
1471 3328 1638 3409 θάψω
1684 3327 1795 3394 κᾶν
1840 3327 2145 3401 ἀπεννέπῃ
2201 3328 2395 3402 πόλις.

876 3430 1080 3497 ‘Versu
1128 3433 1295 3496 1665
1344 3454 1474 3520 sqq.
1523 3439 1738 3496 contra
1783 3429 2046 3495 eandem
2096 3428 2411 3494 moestam
2447 3431 2745 3512 videmus,
2793 3433 3027 3520 suppli7

789 3556 941 3615 cem,
988 3533 1152 3619 regis
1198 3533 1352 3597 iram
1400 3531 1876 3618 deprecantem:

1144 3632 1238 3697 νκὶ
1285 3633 1420 3714 πρός
1466 3657 1533 3697 σε
1577 3634 1757 3708 τῆσδε
1803 3634 2023 3712 μητρὸς
2069 3631 2397 3706 Ἰοκάστης,
2457 3632 2648 3713 Κρέον.

872 3734 1061 3800 Dicas
1116 3736 1498 3819 Antigonam
1556 3734 1811 3799 tandem
1875 3733 2165 3798 Creontis
2214 3732 2396 3798 minis
2438 3757 2569 3798 esse
2615 3736 3033 3819 perterritam,

784 3836 1126 3901 humanum
1197 3859 1325 3900 esse
1394 3835 1580 3900 nimis
1637 3835 1913 3899 intentas
1975 3834 2167 3898 animi
2231 3835 2395 3900 vires
2457 3836 2658 3920 frangi
2718 3845 2908 3921 atque
2970 3841 3035 3904 in

781 3938 1103 4001 tristitiam
1172 3944 1234 4000 et
1298 3937 1594 4021 lacrymas
1652 3934 1858 4016 abire3
1921 3943 1992 4000 at
2054 3958 2141 4000 vs.
2208 3936 2378 4000 1746
2429 3938 2761 4023 inspiciens
2807 3942 3035 4005 senties

777 4038 1078 4122 virginem
1142 4038 1395 4102 minime
1457 4046 1691 4102 terrore
1737 4037 2021 4101 affectam
2068 4037 2278 4113 fuisse,
2328 4023 2587 4102 eandem
2636 4060 2795 4123 quae
2848 4044 3016 4105 1644

779 4141 1041 4203 -1659
1089 4139 1299 4204 locuta
1343 4145 1476 4203 erat
1522 4137 1738 4203 audies
1784 4138 2239 4203 exclamantem
2278 4162 2292 4201 ε

1141 4288 1330 4304 .....
1377 4237 1456 4315 ὃν,
1503 4238 1558 4303 εἴ
1597 4263 1677 4317 με
1721 4238 1825 4303 καὶ
1876 4241 2085 4311 θκνεῑν,
2135 4237 2340 4318 πάτερ,
2388 4239 2593 4319 χρεὼν,

1134 4340 1339 4405 σκότια
1383 4346 1468 4422 γᾷ
1513 4339 1794 4420 καλύψω.

868 4438 1135 4505 Gravius
1178 4440 1417 4505 accedit
1459 4448 1925 4526 argumentum.
1974 4439 2322 4505 Profitetur
2365 4441 2684 4527 Antigone
2725 4465 2810 4508 vs.
2853 4446 3021 4511 1679

775 4564 907 4632 sqq.
967 4565 1032 4607 se
1090 4564 1234 4607 cum
1289 4549 1464 4627 patre
1520 4543 1588 4606 in
1636 4541 1896 4606 exilium
1943 4541 2259 4607 abituram
2304 4565 2434 4607 esse
2480 4549 2545 4607 et
2591 4545 2745 4608 mori
2794 4548 3017 4612 consti·

777 4645 992 4725 tuisse,
1051 4641 1176 4723 ξυμ
1190 4640 1477 4726 Ῥεύξομκι
1503 4692 1692 4709 .....
1755 4642 1861 4708 xz)
1925 4639 2341 4722 Svu9xv25,2zt.
2406 4642 2657 4709 Patrem
2704 4645 3018 4729 miserum,

2740 4746 2791 4787 ιε
