3875 5634
896 767 1022 828 154
1856 784 2091 828 nanas.

848 959 913 1015 et
959 951 1164 1016 Schol.
1218 954 1384 1017 1051
1437 952 1661 1017 πολλαὶ
1706 952 1813 1026 τὴν
1858 951 2209 1027 Σθενέβοιαν
2255 950 2678 1031 munecius-vm
2713 957 2947 1017 masmae
2987 952 3098 1016 κῶ-

852 1089 990 1131 νειον
1036 1066 1446 1141 hemmam.

937 1178 1109 1261 Quid
1168 1181 1614 1267 Aristophanes
1661 1181 1932 1247 voluerit
1981 1181 2272 1268 expedire
2318 1204 2447 1247 non
2497 1181 2678 1246 facile
2725 1189 2837 1246 est.
2887 1179 3099 1246 Kock:

847 1296 1012 1375 „Sie
1074 1295 1393 1362 schamten
1461 1297 1590 1361 sich
1658 1296 1768 1363 der
1842 1297 2148 1362 unreinen
2223 1295 2571 1381 Begierden
2632 1295 2795 1360 ihtes
2856 1296 3101 1380 eigenes

845 1460 885 1489 „
906 1410 1316 1476 Geschlechts
1359 1412 1442 1476 im
1471 1412 1817 1497 Gegensatz
1840 1434 1917 1475 zu
1946 1412 2057 1477 der
2086 1411 2474 1476 Keuschheit
2499 1410 2606 1476 des
2627 1409 3105 1497 Bellerophon.”

846 1523 1089 1589 Dubito
1148 1548 1302 1591 num
1359 1535 1545 1592 recte.
1610 1527 1831 1613 Carpit
1888 1526 2243 1612 Aeschylus
2306 1525 2677 1612 Euripidem
2727 1525 2896 1610 quod
2942 1527 3105 1591 nefa·

840 1640 961 1704 rias
1020 1641 1086 1705 in
1148 1664 1392 1706 scenam
1438 1642 1740 1728 produxit
1789 1642 2106 1721 mulieres,
2155 1640 2468 1706 Phaedras
2514 1639 3055 1725 Stheneboeasque
3077 1670 3096 1723 ς

848 1755 1065 1838 itaque
1091 1757 1334 1840 roganti
1360 1755 1513 1840 quid
1543 1756 1687 1821 illae
1711 1764 1977 1821 noceant
2007 1755 2434 1821 Stheneboeae
2459 1755 2827 1840 respondere
2850 1777 2978 1820 non
3002 1778 3104 1842 po·

846 1870 1010 1933 tuit:
1059 1870 1208 1955 quia
1255 1870 1334 1935 ob
1381 1872 1730 1935 castitatem
1778 1870 2289 1956 Bellerophontis
2337 1876 2657 1934 matronae
2702 1891 2939 1934 veneno
2990 1868 3107 1934 sibi

849 1990 1113 2048 mortem
1163 1985 1618 2050 consciverunt.
1661 1985 1980 2070 Suspicari
2024 1984 2260 2063 malim,
2303 2006 2686 2068 quamquam
2723 2005 2928 2069 neque
2951 1983 3108 2048 mihi

848 2099 1057 2164 omnia
1128 2101 1456 2186 perspicua
1526 2107 1696 2179 sunt,
1759 2122 1885 2165 non
1949 2100 2235 2164 homines
2296 2099 2565 2164 voluisse
2626 2098 3103 2184 Aristophanem

849 2212 958 2278 sed
1010 2213 1361 2298 tragoedias
1407 2215 1611 2298 qualis
1650 2213 2071 2301 Bellerophon
2113 2215 2260 2279 fuit.
2302 2212 2450 2300 Ipsa
2477 2211 2861 2277 Stheneboea
2884 2213 2948 2277 in
2974 2212 3107 2278 dra·

852 2334 1020 2391 mate
1081 2327 1564 2414 Bellerophonte
1625 2351 1752 2393 non
1797 2328 2033 2414 prodiit
2083 2330 2180 2412 (cf.
2229 2328 2305 2392 ad
2356 2330 2501 2391 Pac.
2556 2329 2661 2410 76)
2707 2326 2814 2390 sed
2856 2327 2921 2389 in
2969 2348 3105 2412 pro-

853 2441 997 2526 logo
1062 2450 1124 2504 et
1168 2465 1202 2505 e
1247 2441 1745 2528 Bellerophontis
1791 2443 2068 2527 querelis
2113 2443 2263 2507 satis
2310 2463 2608 2527 apparere
2655 2440 2868 2526 potuit
2916 2462 3105 2526 quam

852 2554 1183 2620 libidinosa
1229 2566 1292 2621 et
1337 2557 1569 2642 perfida
1615 2566 1794 2622 esset.

940 2671 1038 2734 An
1115 2671 1280 2756 quod
1346 2672 1424 2736 de
1487 2670 1872 2737 Stheneboea
1937 2694 2177 2736 veneno
2224 2679 2489 2735 mortem
2528 2670 2643 2735 sibi
2692 2670 3106 2736 consciscente

850 2793 1194 2848 memorant
1254 2784 1618 2850 scholiastae
1677 2794 1738 2850 et
1802 2778 2098 2871 H‘yginus
2157 2784 2281 2850 fab.
2350 2787 2430 2849 57
2481 2807 2558 2849 ex
2602 2783 2907 2871 Euripide
2954 2786 3106 2872 peti·

847 2905 988 2961 tum
1057 2898 1158 2976 sit,
1230 2899 1561 2965 nescimus.
1623 2899 1700 2965 In
1764 2900 2047 2965 dramate
2112 2899 2502 2965 Stheneboea
2565 2900 2778 2984 regina
2824 2899 2888 2963 in
2938 2921 3104 2964 mare

849 3011 1151 3090 deicitur3
1212 3013 1347 3078 fieri
1391 3021 1596 3101 potest
1644 3037 1777 3079 eam
1824 3017 1891 3080 in
1942 3016 2221 3080 dramate
2270 3014 2754 3099 Bellerophonte
2794 3035 3099 3078 venenum

847 3127 1142 3191 sumsisse
1207 3128 1466 3211 eiusque
1528 3136 1788 3193 mortem
1854 3128 2335 3214 Bellerophonti
2398 3128 2756 3192 nuntiatam
2817 3150 2965 3207 esse,
3024 3126 3129 3191 cf.-

849 3238 1161 3304 Welcker.
1226 3240 1297 3305 II
1359 3264 1419 3327 p.
1490 3245 1636 3308 784.
1684 3241 1925 3307 Verum
1977 3241 2290 3328 quidquid
2337 3241 2453 3305 hac
2500 3240 2575 3305 de
2625 3263 2688 3304 re
2733 3239 3101 3322 iudicemuS,

845 3375 969 3417 non
1042 3354 1247 3418 minus
1316 3354 1584 3420 absurda
1654 3363 1750 3420 est
1820 3355 2265 3442 Aristophanis
2342 3354 2697 3419 criminatio
2756 3376 2842 3418 vs.
2910 3356 3100 3434 1050,

849 3489 1037 3552 quam
1078 3492 1149 3533 ea
1187 3491 1376 3554 quam
1416 3471 1650 3556 profert
1673 3470 1749 3534 de
1775 3471 1852 3535 iis
1879 3471 1991 3554 qui
2013 3477 2383 3550 τριηραρχεῖν
2409 3475 2771 3533 recusarent
2794 3491 2880 3532 vs.
2909 3470 3100 3532 1065.

849 3755 959 3821 Vs.
1016 3748 1202 3822 1079
1251 3780 1383 3842 sqq.
1432 3761 1493 3823 οὐ
1541 3760 1922 3839 προαγωγοὺς
1969 3755 2261 3832 κατέδειξ’
2311 3752 2494 3830 οὗτος,

1427 3874 1531 3938 καὶ
1578 3874 1898 3944 τικτούσας
1948 3876 2006 3938 ἑν
2051 3881 2169 3945 τοῖς
2218 3874 2400 3954 ἱεροῖς,

1426 3987 1529 4053 xx)
1578 3988 1954 4067 μιγνυμένας
2002 3995 2184 4052 τοῖσιν
2230 3988 2545 4068 ἀδελφοῖς,

1431 4102 1533 4166 xx}
1581 4103 1937 4181 φασκούσας
1986 4103 2049 4166 οὐ
2097 4101 2205 4181 ζῆν
2254 4102 2319 4165 τὸ
2364 4099 2509 4180 ζῆν;

938 4266 1293 4346 Προκγωγὸς·
1357 4265 1420 4329 in
1489 4265 1828 4351 Hippolyto
1887 4273 2023 4329 erat
2086 4263 2404 4327 Phaedrae
2452 4261 2707 4338 nutrix3
2757 4261 2821 4324 in
2868 4259 3103 4345 templo

848 4385 1172 4465 pepererat
1233 4380 1450 4463 Auge3
1514 4380 1790 4445 Canaces
1852 4387 1916 4443 et
1980 4378 2249 4442 Macarei
2299 4377 2604 4441 incestum
2653 4381 3097 4460 argumentum

846 4494 972 4558 fuit
1033 4493 1236 4571 Aeoli,
1297 4493 1374 4558 cf.
1423 4517 1508 4558 vs,
1561 4497 1687 4558 850
1738 4502 1802 4558 et
1851 4493 2025 4558 Nub.
2082 4494 2273 4557 1371.
2326 4490 2433 4555 Vs.
2489 4493 2659 4555 1082
2708 4495 2948 4574 spectat
2993 4510 3100 4553 no-

849 4606 1166 4671 tissimum
1212 4606 1375 4672 illud
1422 4607 1776 4694 Euripidis:
