3875 5634
1850 792 2086 837 RANAE.
2916 777 3031 839 151

842 969 952 1037 Vs.
1002 965 1163 1035 949.
1235 972 1376 1036 ἀλλ’
1425 970 1628 1050 ἔλεγεν
1673 972 1707 1046 ἧ
1753 972 1901 1052 γυνή
1949 972 2016 1037 τέ
2061 996 2158 1052 μοι
2205 974 2301 1052 χώ
2348 972 2549 1045 δοῦλος
2597 974 2756 1038 οὐδὲν
2801 970 2973 1047 ἦττον

1242 1089 1338 1167 χώ
1386 1086 1677 1161 δεσπότης
1722 1089 1811 1167 χή
1860 1087 2133 1168 παρθένος
2179 1088 2267 1167 χή
2313 1092 2497 1168 γρκῦς
2543 1086 2631 1152 ἄν.

935 1225 1030 1290 De
1097 1224 1286 1289 servis
1356 1223 1480 1288 vid.
1546 1224 1623 1289 ad
1688 1224 1846 1289 Ach.
1911 1229 2061 1290 400.
2125 1224 2425 1289 Mulieres
2471 1224 2871 1312 philosophae
2919 1234 3096 1292 erant

847 1340 1226 1425 Melanippe‚
1298 1339 1480 1404 cuius
1543 1340 2004 1426 disputationes
2063 1362 2144 1404 ne
2203 1363 2239 1402 a
2300 1339 2562 1403 muliere
2626 1340 2811 1404 nimis
2855 1340 3092 1406 alienae

841 1454 1202 1519 viderentur
1267 1452 1420 1518 Eur.
1491 1454 1672 1519 finxit
1734 1477 1866 1519 eam
1935 1479 1970 1518 a
2040 1462 2256 1532 matre,
2322 1453 2608 1520 Chironis
2669 1455 2814 1534 filia,
2866 1455 3094 1542 placita

844 1569 1274 1656 philosophica
1337 1570 1641 1655 accepisse
1654 1596 1671 1647 3
1728 1576 1793 1633 et
1848 1568 2132 1650 Hecuba,
2182 1569 2402 1633 Troad.
2454 1571 2602 1648 884,
2651 1593 2837 1654 quem
2883 1570 3086 1636 locum

846 1684 1183 1769 respexisse
1241 1681 1507 1748 arbitror
1560 1682 1899 1762 Theonem,
1951 1683 2135 1769 Prog.
2186 1707 2244 1770 p.
2303 1685 2443 1764 149,
2493 1707 2591 1770 ap.
2640 1683 2837 1766 Kock‚
2886 1687 2983 1751 τὸν
3028 1687 3089 1751 δὲ

843 1797 1164 1880 Εὐριπίδην
1201 1796 1738 1878 κοοτκμεμφόμεθοι
1775 1795 1861 1862 ἔτι
1898 1798 2064 1878 πκροὶ
2096 1801 2286 1878 κοιιρὸν
2309 1799 2465 1879 αὐτῷ
2493 1798 2727 1876 Ἑκάβη
2756 1805 3088 1881 φιλοσοφεῖ.

843 2047 948 2113 Vs.
1001 2040 1164 2110 963.
1237 2045 1486 2118 Κύκνους
1534 2052 1704 2111 ποιῶν
1750 2045 1857 2111 xxi
1908 2046 2229 2124 Μέμνονκς
2277 2046 2980 2128 κωδωνοφοι).οιροπ·ὥλους.

932 2160 1183 2246 Cycnus
1230 2168 1292 2223 et
1341 2159 1638 2224 Memnon
1688 2158 1765 2223 ab
1812 2158 2059 2223 Achille
2083 2159 2265 2222 occisi
2305 2166 2471 2237 sunt,
2501 2157 2681 2223 Pind.
2709 2159 2814 2224 Ol.
2843 2160 2913 2224 II
2943 2163 3087 2238 146,

843 2273 1029 2338 Hom.
1095 2272 1213 2336 Od.
1267 2272 1362 2336 XI
1412 2276 1559 2336 522.
1613 2272 1707 2337 De
1755 2274 1968 2357 Cycno
2019 2272 2363 2357 Aeschyleo
2412 2272 2572 2337 nihil
2620 2273 2923 2339 traditum
2970 2283 3080 2339 est.

842 2386 936 2452 De
988 2387 1321 2451 Memnone
1367 2388 1643 2472 tragicus
1688 2387 1753 2451 in
1800 2386 2048 2451 duobus
2096 2387 2394 2451 dramatis
2445 2388 2594 2471 egit,
2642 2387 2703 2452 in
2754 2387 3089 2453 Memnone
3179 2431 3194 2447 .

841 2510 905 2566 et
942 2502 1006 2566 in
1047 2501 1495 2587 Psychostasia.
1540 2500 1635 2565 De
1656 2502 2338 2583 κωδωνοφκλκροπώὶοις
2363 2501 2438 2565 cf.
2467 2501 2845 2567 Fritscbium
2873 2527 2927 2567 a.
2954 2503 3015 2568 h.
3041 2503 3083 2567 l.

846 2751 955 2818 Vs.
1006 2744 1168 2815 985.
1886 2754 1954 2816 τὸ
1996 2752 2268 2834 τρύβλιον

1238 2869 1304 2932 τὸ
1349 2867 1639 2948 περυσινὸν
1685 2866 1920 2941 τέθνηκέ
1968 2891 2082 2946 μοι.

930 3005 1134 3069 Schol.
1197 3008 1334 3086 πρὸς
1389 3005 1503 3077 τοὶς
1549 3002 1737 3080 λέξεις
1783 3006 2118 3086 Εὐριπίδου.
2168 3004 2537 3091 Dionysum,
2586 3010 2711 3070 980
2758 3029 2910 3091 sqq„
2958 3008 3081 3072 iro·

834 3121 973 3184 nice
1045 3120 1122 3184 de
1182 3119 1504 3205 Euripidis
1562 3121 1736 3204 poesi
1798 3120 1973 3205 loqui
2033 3121 2428 3184 manifestum
2477 3127 2590 3185 est.
2641 3120 3083 3203 Quaerendum

836 3241 932 3298 est
978 3232 1133 3318 quid
1181 3233 1383 3298 allatis
1432 3232 1709 3297 versibus
1756 3235 2147 3320 spectaverit.
2200 3233 2411 3299 Kock:
2452 3233 2695 3313 „Diese
2736 3233 3082 3300 Uebertrei-

834 3346 1070 3431 „bung
1129 3347 1238 3411 der
1297 3346 1755 3411 dichterischen
1819 3347 2098 3412 Freiheit
2168 3347 2506 3413 unbelebte
2556 3347 2787 3413 Wesen
2832 3350 2944 3413 wie
2990 3349 3089 3414 be·

836 3461 1058 3540 „lebte
1120 3483 1195 3525 zu
1260 3460 1650 3525 behandelen
1699 3462 1782 3525 ist
1831 3461 1976 3525 echt
2023 3459 2525 3547 Euripideisch.’'
2573 3464 2661 3526 At
2707 3484 3081 3546 quamquam

833 3577 985 3639 talia
1035 3577 1099 3640 in
1148 3575 1300 3641 Eur.
1344 3598 1665 3640 occurrere
1707 3597 1830 3640 non
1872 3598 2053 3660 nego,
2081 3598 2206 3640 non
2231 3584 2439 3640 tamen
2465 3575 2646 3640 credo
2670 3600 2740 3640 ea
2761 3575 3081 3661 Euripidis

831 3689 1084 3774 propria
1129 3711 1258 3752 esse
1303 3710 1573 3773 eumque
1624 3711 1821 3753 unum
1860 3711 1991 3753 esse
2031 3688 2632 3773 reprehendendum.
2678 3687 2850 3770 Quid
2891 3689 3076 3767 enim,

833 3803 884 3866 si
925 3802 989 3866 in
1038 3802 1173 3866 eius
1216 3802 1446 3866 aemuli
1495 3801 1787 3887 Aeschyli
1835 3806 2059 3886 Agam.
2102 3824 2188 3867 vs.
2238 3806 2369 3865 494
2413 3802 2710 3886 legimus:

1541 3936 1827 4009 μαρτυρεῖ
1867 3929 1930 3993 δέ
1980 3952 2078 4006 μοι
2124 3927 2296 4001 κοέσις

1232 4047 1425 4114 πηλοῦ
1473 4038 1731 4121 ξύνουρος
1777 4042 1948 4119 διψία
1995 4041 2145 4113 κόνις
2190 4041 2351 4105 τάδε.

923 4152 1101 4235 Quae
1163 4154 1214 4217 si
1271 4153 1606 4240 Euripides
1654 4155 2021 4241 scripsisset,
2072 4176 2199 4218 non
2249 4152 2470 4217 dubito
2515 4155 2669 4238 quin
2720 4154 3079 4240 Aristopha-

831 4291 942 4333 nes
993 4290 1255 4333 numero
1299 4274 1411 4332 τῶν
1456 4268 2134 4351 ποιρκκεκινδυνευμένων
2183 4267 2499 4333 habuisset
2546 4276 2609 4332 et
2656 4269 2909 4332 risisset.
2962 4267 3085 4332 Ve-

829 4405 966 4446 rum
1032 4404 1156 4446 non
1217 4382 1374 4447 hanc
1432 4383 1747 4448 licentiam
1794 4382 2280 4468 Aristophanem
2330 4382 2430 4446 hic
2476 4381 2946 4467 reprehendisse
2991 4404 3080 4446 ar·

826 4495 1044 4561 bitror.
1094 4493 1468 4561 Perstrinxit
1513 4497 1826 4581 tragicum
1878 4496 2049 4582 quod
2096 4495 2383 4580 vulgares
2428 4519 2523 4561 res
2565 4503 2754 4580 atque
2788 4518 3079 4582 personas

829 4610 893 4674 in
943 4632 1188 4674 scenam
1237 4610 1554 4697 produxit,
1603 4610 1918 4695 huiusque
1965 4609 2153 4675 verba
2200 4611 2279 4673 97
2290 4613 2327 4673 6
2368 4607 2471 4673 καὶ
2512 4608 2624 4682 τὰς
2645 4609 2826 4683 οἰκίας
2866 4606 2878 4699 Ι
2916 4611 3080 4674 οἰκεῖν
