3875 5634
1776 720 2060 780 mur-res.
2901 703 2984 765 33

772 890 777 895 ’
807 900 914 967 Vs.
965 894 1127 965 611.
1329 897 1373 964 ὦ
1418 901 1671 982 φίλτατ’
1716 899 1932 981 ἀνδρῶν
1978 896 2082 963 καὶ
2128 898 2529 975 νεανικώτατε,

1338 1012 1473 1088 ὅσην
1514 1015 1686 1079 οὶπὼν
1730 1012 2035 1095 παρέσχες
2079 1012 2224 1090 ἡμῖν
2269 1010 2571 1094 φροντίδα·

1336 1124 1441 1192 καὶ
1486 1132 1586 1192 νῦν
1632 1126 1831 1199 ἐπειδὴ
1875 1130 1991 1198 σῶς
2034 1124 2323 1199 ἐλήλυθας
2369 1123 2568 1198 πάλιν,

1335 1238 1618 1319 ἄγγειλον
1666 1239 1811 1319 ἡμῖν
1862 1242 1987 1312 πῶς
2034 1240 2098 1304 τὸ
2140 1236 2379 1320 πρᾶγμ’
2425 1238 2700 1316 ἠγωνίσω.

899 1351 1094 1418 Recte
1150 1351 1359 1435 Kock:
1415 1351 1593 1433 „Die
1654 1349 1848 1417 Verse
1911 1350 2118 1417 haben
2177 1373 2334 1437 ganz
2378 1350 2733 1437 tragischen
2779 1350 3043 1416 Charak-

809 1465 968 1529 ter.’'
1016 1464 1109 1529 Cf.
1158 1464 1344 1530 Herc.
1383 1465 1505 1530 fur.
1551 1466 1700 1529 531.
1738 1463 1820 1530 In
1842 1462 2238 1551 parodiarum
2263 1485 2593 1529 numerum
2614 1464 2837 1530 retulit
2859 1464 3043 1530 Bibb.

814 1578 969 1642 Ach.
1018 1578 1184 1643 Anh.
1229 1600 1290 1664 p.
1341 1581 1490 1643 320.
1538 1576 1699 1643 Inde
1744 1600 1781 1641 a
1826 1601 1916 1643 vs.
1970 1580 2099 1641 624
2143 1577 2566 1662 Agoracritus,
2604 1577 2759 1642 alias
2792 1578 3047 1665 linguae

812 1691 1122 1777 elegantia
1175 1691 1432 1757 minime
1478 1691 1871 1777 conspicuae,
1910 1691 2098 1772 ῥήσεις
2140 1688 2475 1769 οὶγγελικὰς
2519 1689 2869 1776 tragoediae
2912 1690 3048 1756 imi·

802 1810 1003 1886 -tatur,
1052 1803 1177 1871 vid.
1225 1805 1511 1891 inprimis
1556 1828 1644 1869 vs.
1701 1807 1827 1869 636
1875 1826 2010 1890 sqq.

817 2025 924 2092 Vs.
978 2012 1139 2090 626.
1284 2115 1288 2120 .
1445 2027 1812 2109 ἐλασίβροντ’
1859 2004 2218 2109 ἀναρρηγνὺς
2256 2025 2388 2101 ἔπη.

905 2138 1153 2206 Cleonis
1212 2140 1567 2205 iactantiam
1634 2148 1700 2206 et
1743 2139 2343 2225 magniloquentiam
2388 2138 2596 2206 ridens
2643 2142 3047 2226 Agoracritus

813 2251 1153 2338 grandibus
1199 2252 1406 2318 utitur
1449 2251 1672 2317 verbis.
1720 2252 1905 2319 Pind.
1954 2253 2028 2318 fr.
2085 2255 2205 2316 121
2248 2251 2483 2338 Bergk:
2524 2253 2894 2335 ε’λασίβροντε
2932 2261 3058 2320 παῖ

814 2366 1001 2440 Ῥέας,
1047 2365 1120 2431 fr.
1175 2368 1334 2431 161:
1379 2363 1694 2447 ἀναρρῆξαι
1737 2369 1835 2432 τὸν
1882 2367 2116 2447 α’χρεῒον
2157 2365 2346 2444 λόγον.

814 2587 926 2653 Vs.
977 2581 1019 2650 8
1035 2580 1145 2653 13.
1358 2585 1400 2653 ὦ
1445 2589 1615 2663 πόλις
1661 2586 1920 2671 Ἄργους
1966 2588 2157 2654 κλύεθ’
2206 2582 2295 2654 οἷα
2339 2588 2516 2667 λέγει.

905 2700 1106 2767 Schol.
1170 2704 1259 2767 Τὸ
1317 2701 1379 2768 δὲ
1439 2697 1482 2766 ὦ
1543 2702 1714 2776 πόλις
1773 2700 1878 2767 ''A.
1939 2703 2061 2768 ἀπὸ
2107 2701 2393 2783 Τηλέφου
2439 2703 2595 2783 Εύρ.,
2641 2703 2707 2767 τὸ
2752 2700 2814 2768 δὲ
2856 2702 3048 2769 κλύεθ’

812 2809 902 2881 οἷα
947 2814 1107 2894 λέγει
1152 2815 1270 2880 ἀπὸ
1323 2815 1610 2889 Μηδείας.
1825 2895 1832 2901 ἢ
2593 2826 2598 2831 ’

904 2928 1052 2994 Non
1110 2928 1446 2994 verisimile
1493 2936 1590 2994 est
1632 2936 1877 3016 poetam
1924 2928 2045 2994 hoc
2091 2926 2275 2993 modo
2320 2926 2504 2993 verba
2548 2928 2882 3007 consuisse,
2932 2928 3053 2994 etei

814 3063 1037 3108 revera
1103 3040 1289 3107 verba
1355 3042 1614 3107 laudata
1674 3043 1742 3108 in
1803 3040 2050 3121 Medea,
2104 3064 2193 3106 vs.
2262 3043 2407 3122 169,
2466 3041 2783 3128 leguntur.
2829 3041 3047 3107 Minus

815 3154 1003 3221 etiam
1068 3154 1416 3221 audiendus
1476 3155 1589 3241 qui
1652 3155 1730 3220 ad
1786 3155 1960 3221 Plut.
2029 3157 2109 3220 60
2118 3158 2176 3237 2,
2239 3153 2350 3220 ubi
2392 3160 2567 3220 totus
2610 3156 2774 3221 redit
2816 3178 3049 3239 versus,

814 3266 1172 3355 adscripsit:
1244 3269 1637 3348 μετείληπται
1715 3269 1779 3334 δὲ
1853 3270 1881 3334 ὁ
1954 3268 2165 3349 στίχος
2224 3269 2290 3334 ἐκ
2350 3273 2655 3334 Φοινισσῶν
2710 3269 3042 3350 Εὐριπίδου,

815 3383 1189 3456 Πολυνείκους
1258 3381 1550 3462 λέγοντος.
1623 3382 1807 3449 Nihil
1866 3383 2034 3449 enim
2094 3405 2220 3468 quo
2279 3383 2500 3469 respici
2560 3383 2755 3468 possit
2815 3384 2882 3447 in
2935 3381 3076 3462 hoc·

815 3496 1093 3561 dramate
1134 3496 1387 3591 legitur
1442 3496 1569 3562 nisi
1628 3520 1717 3561 vs.
1784 3499 1932 3577 611,
1982 3491 2025 3561 ὦ
2071 3496 2276 3578 πάτερ,
2325 3494 2516 3567 κλύεις
2560 3493 2605 3561 ἃ
2648 3495 2895 3576 πάσχω,
2941 3493 3053 3560 ubi

817 3605 859 3673 ὦ
919 3611 1088 3684 πόλις
1144 3633 1178 3675 e
1243 3612 1367 3675 613
1428 3610 1654 3696 legisse
1715 3610 2110 3676 scholiastam
2154 3610 2417 3674 coniecit
2462 3606 2706 3674 Dobree
2752 3607 2831 3672 ad
2875 3607 3048 3673 Plut.

820 3724 969 3787 601.
1035 3721 1374 3789 Scholiasta
1429 3724 1565 3790 cod.
1628 3721 1812 3803 Ven.‚
1859 3724 1970 3808 qui
2017 3723 2096 3788 ad
2143 3722 2352 3788 locum
2398 3720 2700 3806 Equitum
2744 3721 2907 3787 nihil
2950 3722 3055 3786 ad·

814 3836 1079 3922 scripsit,
1125 3836 1204 3902 ad
1248 3835 1422 3902 Plut.
1475 3839 1598 3901 601
1650 3833 1693 3902 ὦ
1730 3838 1899 3910 πόλις
1937 3834 2198 3918 ’Ἄργους
2235 3834 2422 3901 habet
2458 3858 2599 3900 cum
2635 3835 2788 3900 Rav.
2809 3860 2825 3900 ε
2849 3840 3050 3901 ταῦτα

665 4012 675 4018 .
814 3950 881 4014 ἐκ
950 3948 1236 4031 Τηλέφου
1301 3950 1607 4032 Εὐριπίδου
1666 3951 2092 4033 τραγικεύεται,
2154 3971 2356 4034 neque
2415 3948 2679 4015 dubium
2739 3957 2833 4013 est
2894 3948 3052 4033 quin

813 4067 1022 4127 totum
1080 4070 1318 4150 spectet
1378 4086 1645 4143 versum,
1707 4063 1879 4148 quod
1919 4065 2047 4128 iam
2089 4062 2386 4129 Elmsleio
2430 4060 2777 4127 videbatur.
2825 4060 2920 4127 Of.
2963 4062 3041 4127 fr.

816 4173 971 4241 Eur.
1022 4177 1171 4242 723.
1216 4174 1422 4242 Verba
1464 4178 1741 4264 profecta
1786 4200 1918 4242 esse
1964 4177 2258 4242 videntur
2304 4174 2381 4240 ab
2419 4175 2628 4260 aliquo
2667 4175 3046 4241 Graecorum

816 4311 961 4374 rege
1006 4288 1337 4374 (Menelao.
1384 4289 1560 4355 Kock
1602 4314 1662 4356 a.
1712 4290 1776 4355 h.
1827 4289 1897 4378 l.)
1947 4289 2133 4356 verba
2169 4287 2430 4375 Telephi
2461 4289 2833 4373 indignanti.
2859 4287 3045 4368 Quod

815 4402 1103 4486 sequitur
1159 4402 1540 4485 ἀντιφερίζειν
1601 4405 1669 4469 in
1730 4404 2004 4470 Homero
2062 4403 2164 4490 (Il.
2226 4401 2385 4467 XXI
2443 4403 2525 4466 35
2534 4402 2593 4486 7)
2656 4409 2721 4466 et
2775 4400 3047 4467 Pindaro

819 4514 1030 4603 (Pyth.
1076 4515 1176 4582 1x
1224 4518 1329 4602 50)
1371 4494 1624 4602 legitur.
