3875 5634
1920 680 2095 726 avus,
3004 663 3083 726 79

979 849 1168 915 Hisce
1214 850 1663 936 comparandus
1706 857 1802 914 cst
1846 849 2021 914 locus
2064 850 2214 914 Eur.
2266 846 2407 916 Hel.
2463 851 2631 916 1107
2683 874 2820 936 sqq.

1338 965 1402 1029 σὲ
1449 965 1559 1030 τάν
1606 965 1910 1038 ἑναυλείοις
1959 964 2068 1030 ὑπὸ
2115 965 2498 1044 δενδροκόμοις

1338 1090 1588 1159 μουσεῖα
1635 1081 1741 1146 καὶ
1789 1080 1995 1154 θάκους
2040 1080 2332 1162 ε’νίζουσοιν
2377 1080 2719 1159 ἀναβοάσω,

1337 1198 1402 1261 σὲ
1447 1197 1558 1261 τάν
1602 1195 1953 1262 ἀοιδοτάταν
1999 1196 2180 1277 ὄρνιθα
2226 1197 2484 1278 μελῳδὸν

1335 1313 1551 1386 ἀηδόνα
1598 1312 2007 1394 δακρυόεσσαν,

1337 1427 1475 1501 ἔλθ’,
1523 1424 1564 1492 ὦ
1612 1428 1709 1493 δια
1753 1424 1958 1502 ξουθᾶν
2005 1426 2219 1506 γενύων
2265 1427 2664 1509 ἐλελιζομένα,

1337 1543 1542 1625 θρήνοις
1589 1545 1756 1621 ἐμοῖς
1800 1539 2088 1623 ξυνεργός.

983 1658 1127 1724 Non
1190 1659 1347 1723 fort-e
1411 1658 1655 1736 accidit,
1705 1657 1945 1743 opinor,
1998 1665 2073 1722 ut
2119 1658 2336 1723 comici
2386 1665 2446 1723 et
2492 1658 2713 1743 tragici
2764 1639 2948 1723 verba
2997 1682 3138 1723 eon·

891 1775 1152 1861 spirent.
1199 1774 1397 1838 Tama
1443 1782 1537 1838 est
1584 1773 1935 1838 similitudo
1983 1780 2056 1838 ut
2102 1795 2226 1838 non
2274 1775 2579 1868 possimus
2626 1776 2848 1839 nonin
2889 1797 3135 1841 causam

894 1890 1228 1974 inquirere.
1292 1889 1534 1953 Imitari
1582 1896 1788 1953 autem
1839 1889 2202 1975 Euripidem
2255 1889 2706 1976 Aristophanes
2752 1913 2877 1956 nou
2928 1890 3140 1977 potuit

892 2027 1032 2070 cuin
1122 2005 1362 2069 Helena
1448 2013 1587 2091 post
1669 2007 1831 2069 Aves
1900 2005 1963 2069 in
2028 2028 2271 2070 scenam
2335 2006 2659 2071 commissa
2725 2006 2826 2070 sit.
2892 2006 3138 2072 Helena

892 2122 1053 2184 enini
1117 2119 1296 2185 docta
1360 2126 1452 2183 est
1518 2142 1640 2184 una
1705 2142 1846 2185 cum
1910 2120 2312 2186 Andromeda
2358 2120 2583 2205 (Schol.
2636 2120 2886 2186 Thesm.
2944 2123 3136 2204 1012)

891 2257 1018 2299 uno
1063 2244 1208 2300 ante
1254 2234 1622 2321 Thesmoph.
1669 2258 1833 2299 anno
1879 2234 2107 2304 (Schol.
2160 2235 2408 2300 Thesm.
2465 2238 2659 2319 1060)
2710 2236 2906 2321 Atqui
2959 2236 3142 2301 Euri-

893 2351 1069 2436 pides
1119 2360 1404 2415 mortuus
1450 2359 1543 2414 cst
1593 2350 1692 2414 Ol.
1747 2354 1851 2427 93,
1902 2353 1939 2412 3
1988 2358 2051 2414 et
2088 2359 2250 2415 teste
2291 2350 2495 2415 Schol.
2536 2351 2784 2417 Thesm.
2818 2353 2940 2416 190
2966 2362 3139 2415 sexto

894 2474 1031 2551 post
1098 2464 1342 2529 Thesm.
1413 2487 1597 2546 anno,
1662 2465 1736 2528 ef.
1803 2464 2005 2530 Sebol.
2074 2465 2228 2530 Rau.
2280 2468 2385 2544 53,
2435 2465 2600 2531 unde
2646 2466 2935 2551 sequitur
2979 2465 3138 2530 hanc

892 2580 1269 2644 comoediam
1321 2577 1564 2643 doctam
1613 2603 1743 2643 esse
1795 2578 1897 2643 Ol.
1952 2583 2056 2659 92,
2114 2583 2142 2643 1
2194 2589 2257 2645 et
2304 2580 2608 2646 Helenam
2660 2581 2762 2646 Ol.
2806 2584 2909 2660 91,
2951 2581 3137 2645 4.1)c

894 2693 1133 2758 Avibus
1199 2701 1497 2757 memorat
1559 2693 1917 2780 hypothesis
1978 2694 2078 2760 ἐπὶ
2142 2695 2396 2773 Χαβρίου
2442 2699 2690 2771 καθῆκεν
2738 2697 2817 2770 είς
2861 2696 3037 2770 ἀστυ,
3092 2696 3134 2760 i.

890 2834 942 2873 e.
1004 2810 1107 2873 Ol.
1175 2812 1278 2888 91,
1347 2812 1405 2873 22.
1456 2807 1548 2872 Cs.
1602 2808 1804 2873 Schol.
1854 2812 1971 2874 Av.
2024 2812 2171 2873 343.
2221 2810 2418 2875 Kock.
2468 2811 2635 2875 Einl.
2685 2834 2744 2897 p.
2798 2814 2900 2876 32.
2952 2812 3131 2894 Quae

891 2946 1032 2988 eum
1101 2926 1186 2988 ita
1257 2924 1386 2988 sint
1447 2946 1648 3009 neque
1708 2924 2036 2990 verisimile
2098 2927 2182 2991 sit
2243 2924 2607 3013 Euripidem
2654 2926 3131 2995 obtrectatorem

890 3061 1076 3104 suum
1146 3038 1625 3125 Aristophanem
1698 3039 2010 3105 imitatum
2084 3064 2233 3121 esse,
2306 3048 2657 3107 statuamus
2730 3064 2975 3106 neccsse
3044 3049 3140 3107 est

892 3161 1230 3238 utrumque
1297 3160 1541 3240 poetam
1614 3178 1646 3218 c
1719 3156 2031 3220 communi
2093 3155 2368 3220 hausisse
2429 3156 2620 3235 sonte,
2697 3156 2864 3240 quod
2939 3157 3125 3221 etiam

887 3268 1205 3334 Taeubero
1255 3267 1599 3334 videbatur.
1644 3267 1918 3349 Quinam
1970 3270 2160 3335 fuerit
2204 3270 2377 3335 latet.

977 3384 1215 3448 Extant
1261 3384 1608 3469 complures
1655 3392 1976 3470 poetarum
2026 3385 2142 3450 loci
2193 3386 2302 3472 qui
2349 3386 2599 3470 quidem
2644 3386 2947 3451 eiusmodi
2990 3395 3139 3453 sunt

891 3506 964 3564 ut·
1026 3522 1099 3562 ex
1157 3499 1232 3562 iis
1295 3521 1504 3563 versus
1550 3498 1871 3586 Euripidis
1919 3508 1983 3564 et
2032 3501 2470 3587 Aristophanis
2519 3525 2798 3566 manasse
2839 3503 3137 3567 affirmare

890 3636 1013 3678 non
1062 3614 1279 3690 ausim,
1329 3613 1639 3678 nonnulla
1687 3623 1893 3680 tamen
1945 3614 2175 3681 habent
2221 3639 2360 3681 cum
2411 3616 2507 3681 his
2552 3619 2925 3683 communia.

981 3729 1252 3793 chorum
1303 3730 1493 3792 ducat
1544 3727 1872 3808 Homerus)
1921 3731 2031 3814 qui
2081 3732 2200 3795 Od.
2253 3731 2406 3795 XIX
2462 3736 2586 3795 515
2635 3754 2768 3818 sqq.

1332 3846 1407 3917 ὦς
1455 3845 1507 3908 δ’
1556 3842 1650 3909 ὅτε
1697 3846 2027 3926 Πανδαρέου
2074 3847 2237 3927 κούρη
2289 3846 2543 3927 χλωρηῒς
2589 3849 2781 3922 ἀηδών

1331 3960 1513 4023 καλὸν
1558 3959 1822 4039 ἀείδησιν
1872 3958 2032 4040 ἔαρος
2075 3960 2191 4025 νέον
2238 3962 2585 4040 ἱσταμένοιο,

1335 4073 1594 4154 δενδρέων
1641 4076 1698 4139 ἕν
1745 4075 2049 4140 πετάλοισι
2095 4078 2447 4158 καθεζομένη
2494 4086 2823 4152 πυκινοῖσιν,

1335 4184 1370 4261 ἥ
1416 4212 1482 4252 τε
1529 4189 1695 4266 θαμὰ
1740 4196 2024 4269 τρωπῶσα
2070 4191 2198 4270 χέει
2243 4193 2557 4272 πολυηχέα
2601 4192 2818 4271 Φωνην,

1332 4302 1503 4368 παῖδ’
1544 4307 1931 4385 ὀλοφυρομένη
1980 4303 2209 4372 Ἴτυλον
2253 4308 2445 4388 φίλον,
2493 4306 2553 4372 ἕν
2601 4330 2743 4373 ποτε
2790 4312 3010 4392 χαλκῷ

1333 4426 1520 4483 κτεῖνε
1567 4418 1638 4483 δι’
1684 4421 1988 4501 ἀφραδίας
2035 4423 2154 4487 κτὲ.

980 4533 1205 4598 Aesch.
1252 4534 1471 4619 Agam.
1525 4536 1728 4601 1142:
1775 4530 1862 4600 οἶά
1909 4560 1998 4609 τις
2042 4534 2218 4612 &aubi
2256 4534 2267 4625 Ι
2307 4537 2575 4617 ἀκόρετος
2622 4537 2792 4614 βοαῖς,
2836 4545 2976 4622 φεῦ,
3025 4565 3135 4606 τα·
