3875 5634
1842 721 2249 766 naumann.
2991 703 3114 766 197

1616 945 1708 1016 Ex
1759 945 2039 1016 incertis
2087 947 2473 1018 comoediis.

914 1100 1017 1164 Fr.
1066 1090 1230 1160 494.
1313 1095 1589 1176 ἐκφέρετε
1632 1096 1859 1170 πεύκας
1904 1097 2043 1161 κατ’
2092 1098 2413 1176 Ἀγάθωνα
2461 1098 2825 1180 φωσφόρους.

1008 1210 1257 1295 Agatho
1303 1210 1499 1293 igitur
1547 1213 1761 1273 πεῦκαι
1807 1209 2105 1290 φωσφόροι
2152 1210 2413 1275 dixerat.
2465 1213 2553 1273 At
2599 1233 2794 1295 quare
2842 1210 3005 1275 hanc
3045 1212 3169 1277 dic-

913 1324 1149 1388 tionem
1214 1324 1279 1386 in
1341 1323 1700 1387 memoriam
1762 1330 2011 1387 revocet
2067 1326 2175 1387 Ar.
2230 1347 2353 1388 uon
2403 1323 2721 1409 intellege.
2770 1323 3167 1412 Quamquam

916 1439 1082 1502 euim
1139 1438 1453 1518 φωσφόρος
1502 1435 1729 1501 melius
1775 1435 2049 1502 siderum
2097 1437 2196 1502 vel
2241 1437 2498 1502 deorum
2549 1438 2932 1522 dearumque
2977 1438 3173 1502 nomi-

915 1548 1105 1614 nibus
1152 1549 1463 1633 iungitur,
1512 1554 1697 1622 πεύκη
1748 1550 2061 1630 φωσφόρος
2108 1550 2266 1614 nihil
2315 1549 2500 1614 habet
2547 1551 2713 1634 quod
2767 1551 3085 1615 miremur.

921 1667 1024 1731 Fr.
1073 1658 1240 1729 497.
1330 1664 1575 1744 αἰσχρὸν
1622 1664 1724 1746 νέα
1769 1664 2007 1742 γυναικὶ
2055 1663 2392 1744 πρεσβύτης
2436 1665 2593 1744 οένήρ.

1009 1777 1155 1842 Vid.
1221 1776 1301 1841 ad
1361 1776 1609 1842 Thesm.
1670 1778 1820 1840 413.
1871 1775 1994 1841 Pro
2039 1778 2282 1857 αἰσχρὸν
2329 1776 2521 1841 Dind.
2569 1780 2762 1858 πικρὸν
2809 1778 2906 1841 vel
2953 1779 3173 1858 ἐχθρόν.

925 1894 1026 1959 Fr.
1079 1885 1242 1955 506.
1331 1891 1716 1970 όξυγλύκειαν
1761 1893 1819 1955 τ’.
1865 1891 1980 1973 ἄρα
2027 1900 2275 1963 κοκκιεῖς
2319 1892 2469 1973 ρ’όαν.

1013 2006 1241 2071 Pollux
1289 2004 1385 2068 VI
1436 2007 1516 2068 80
1566 2011 1727 2070 τοῦτι
1775 2007 1838 2070 δὲ
1882 2007 1949 2070 τὸ
1997 2005 2274 2083 ἰαμβεῖον
2321 2006 2542 2084 Ἀριστ.
2592 2007 2693 2070 οὐκ
2739 2004 2875 2070 ἴδιον
2923 2005 2981 2070 ὃν
3028 2004 3173 2085 εἴρη-

925 2145 1022 2184 κεν
1072 2120 1213 2183 ἀλλ’
1263 2121 1337 2190 ὡς
1387 2116 1714 2197 Αἰσχύλου.
1764 2117 1844 2181 Ὁ.

928 2236 1028 2300 Fr.
1081 2228 1245 2297 525.
1333 2234 1520 2299 ἵκτινα
1563 2235 2035 2314 παντόφθαλμον
2080 2232 2327 2315 ἅρπαγα
2372 2234 2614 2315 τρέφων.

1013 2348 1345 2433 Loquendi
1392 2371 1591 2433 genus
1640 2356 1704 2412 et
1749 2349 1995 2412 numeri
2042 2348 2293 2431 tragica.

941 2465 1041 2529 Fr.
1095 2455 1258 2525 533.
1345 2462 1501 2526 ἄκων
1546 2466 1723 2526 κτενῶ
1772 2485 1857 2529 σε.
1903 2462 2121 2538 τέκνον,
2170 2462 2195 2524 ὁ
2244 2462 2296 2525 δ’
2343 2461 2710 2539 ἁπεκρίνατο,

1330 2575 1430 2639 ἐπὶ
1479 2575 1805 2654 Παλλαδίῳ
1850 2574 2002 2654 τᾶρ’,
2053 2570 2094 2637 ὦ
2140 2574 2345 2646 πατερ,
2394 2575 2592 2646 δώσεις
2639 2574 2818 2647 δίκην.

1022 2686 1227 2752 Verba
1271 2688 1427 2752 ἄκων
1472 2723 1562 2733 -
1607 2686 1801 2750 τέκνον
1850 2709 1884 2750 e
1932 2685 2251 2771 tragoedia
2298 2709 2574 2751 manasse
2616 2687 2840 2751 docent
2878 2687 3183 2773 producta

928 2797 1166 2885 syllaba
1211 2800 1278 2863 in
1322 2798 1517 2863 τέκνον
1567 2805 1630 2862 et
1680 2798 1936 2863 verbum
1983 2805 2181 2879 κτενῶ,
2229 2798 2377 2864 Cob.
2429 2800 2512 2864 N.
2562 2799 2633 2864 L.
2684 2822 2743 2886 p.
2797 2804 2900 2863 29.

931 2917 1033 2981 Fr.
1084 2907 1248 2977 535.
1792 2912 1898 2978 καὶ
1947 2913 2094 2978 κύων
2141 2913 2476 2995 ἀκράχολος

1332 3028 1597 3100 Ἑκάτης
1643 3027 1909 3105 ἄγαλμα
1954 3028 2266 3108 φωσφόρου
2310 3028 2655 3105 γενήσομαι.

1018 3142 1171 3206 Eur.
1237 3141 1313 3205 fr.
1372 3144 1498 3204 959
1550 3140 1812 3212 Ἑκάτης
1859 3138 2129 3218 ἄγαλμα
2175 3139 2488 3221 φωσφόρου
2534 3138 2683 3204 κύων
2730 3140 2862 3204 ἔσει.
2914 3139 3009 3206 De
3060 3141 3184 3206 He·

932 3256 1091 3321 cuba
1136 3254 1471 3341 Euripides
1518 3254 1668 3318 haec
1712 3254 1979 3340 scripsit,
2019 3253 2097 3318 cf.
2146 3252 2298 3318 Hec.
2348 3257 2516 3317 1265
2556 3253 2704 3319 κύων
2743 3257 2974 3334 γενήσει
3012 3256 3183 3337 πύρσ’

932 3370 1159 3450 ἔχουσα
1220 3369 1555 3450 δέργματα.
1622 3367 1699 3431 In
1763 3389 2036 3451 quonam
2100 3390 2244 3431 vero
2305 3367 2584 3432 dramate
2633 3368 2948 3453 scripserit
2994 3370 3186 3433 nesci-

934 3505 1091 3547 muS.
1140 3483 1217 3547 In
1266 3481 1631 3567 deperditis„
1681 3502 1948 3565 quorum
1994 3480 2342 3565 fragmenta
2389 3489 2747 3567 supersunt,
2794 3483 3047 3547 nullum
3099 3504 3187 3546 re-

934 3599 1107 3684 perio
1170 3598 1235 3662 in
1305 3619 1431 3682 qua
1496 3595 1792 3661 Hecubae
1855 3605 2062 3682 partes
2117 3596 2373 3660 fuerint.
2436 3596 2719 3661 Fortasse
2779 3596 2858 3659 ad
2916 3597 3187 3661 Troades

935 3709 1257 3775 referenda
1325 3718 1477 3774 suut
1544 3716 1657 3773 aut
1723 3709 1799 3773 ad
1869 3708 2045 3773 aliud
2115 3707 2326 3772 drama
2393 3711 2560 3793 quod
2630 3731 2770 3774 cum
2840 3708 3188 3774 Troadibus

936 3823 1189 3887 coaluit.
1239 3823 1332 3887 Cs.
1381 3824 1774 3909 Epimetrum
1814 3821 1907 3887 ΙΙ.

941 3939 1044 4002 Fr.
1096 3931 1260 4000 551.
1347 3939 1491 4001 ἀλλ’
1540 3933 1581 4000 ὦ
1633 3941 1889 4017 Δελφῶν
1940 3937 2229 4008 πλείστας
2276 3937 2492 4002 ἀκονῶν

1344 4050 1530 4127 Φοῖβε
1576 4049 1892 4129 μαχαίρας

1337 4163 1439 4227 καὶ
1487 4161 1883 4243 προδιδάσκων
1927 4162 2063 4234 τοὺς
2110 4162 2242 4234 σοὺς
2289 4164 2629 4242 προπόλους.

1030 4275 1418 4361 Delphorum
1468 4275 1705 4339 incolae
1745 4274 1822 4339 ob
1859 4297 2155 4359 magnum
2192 4276 2633 4341 sacrificiorum
2675 4298 3009 4340 numerum
3036 4283 3191 4339 tam-

941 4412 1127 4474 quam
1192 4389 1375 4473 coqui
1438 4396 1503 4453 et
1548 4388 1906 4468 καρυκοποιοὶ
1957 4388 2345 4456 ridebantur.
2396 4390 2490 4454 Cf.
2541 4389 2729 4454 Dind.
2777 4412 2830 4453 a.
2881 4389 2944 4452 h.
2997 4388 3040 4453 l.
3097 4387 3191 4452 De

943 4504 1180 4589 origine
1229 4502 1419 4568 huius
1465 4502 1585 4567 loci
1632 4500 1797 4567 nihil
1842 4508 2065 4566 notum
2112 4511 2225 4567 est.
