3875 5634
876 739 1000 802 160
1869 757 2109 803 naum.

828 943 971 986 eum
1030 943 1254 1006 aquam
1310 922 1617 988 haustura
1660 923 1938 1004 abiisset,
1991 924 2310 1012 Ophelten
2360 925 2546 990 draco
2592 947 2799 992 morsu
2848 926 3095 992 interfe-

826 1036 931 1099 cit.
980 1034 1287 1128 In·euius
1333 1038 1628 1103 honorem
1678 1040 1992 1104 Adrastus
2037 1038 2280 1104 Nemea
2326 1039 2629 1105 instituit.

916 1148 1235 1217 Postrema
1282 1154 1447 1236 πηδᾷ
1491 1152 1742 1234 χορεύων
1788 1152 2030 1219 Eubuli
2080 1154 2291 1218 animo
2340 1153 2660 1219 obversata
2700 1177 2831 1220 esse
2870 1155 3088 1222 viden-

827 1270 935 1329 tur
1002 1287 1144 1331 cum
1210 1269 1565 1332 memoriter
1626 1268 1854 1334 citaret
1918 1267 2129 1333 Orest.
2195 1270 2281 1331 45
2346 1269 2511 1351 πηδᾷ
2557 1270 2851 1350 δρομαῖος,
2898 1275 3093 1345 πῶλος

828 1376 902 1452 ὣς
946 1380 1068 1445 ἀπὸ
1112 1379 1312 1461 ζυγοῦ.
1366 1381 1501 1464 (uhi
1549 1406 1667 1448 van
1711 1382 2096 1449 Herwerden
2138 1383 2249 1450 ὑπὸ
2291 1406 2367 1448 ex
2404 1382 2683 1470 Enbulo)
2726 1384 2899 1452 Haec
2921 1387 3089 1452 enim

828 1493 1093 1580 scripsit,
1144 1493 1335 1560 Mein.
1385 1494 1492 1561 ΠΙ
1537 1519 1598 1583 p.
1650 1501 1815 1562 242:
2840 1478 2845 1483 .

1268 1610 1414 1688 ὁμοῦ
1459 1611 1522 1676 δὲ
1565 1610 1758 1683 τευθὶς
1804 1612 1912 1676 καὶ
1963 1612 2263 1694 Φαληρικὴ
2311 1611 2443 1694 κόρη

1271 1724 1713 1806 σπλάγχνοισιν
1758 1726 2022 1807 ἀρνείοισι
2067 1726 2549 1806 συμμεμιγμένη

1270 1838 1434 1921 πηδᾷ
1480 1839 1722 1920 χορεύει,
1773 1844 1971 1914 πῶλος
2019 1838 2095 1913 ὣς
2142 1841 2253 1906 ὑπὸ
2299 1840 2503 1923 ζυγοῦ.

913 1950 1137 2017 Jacobs
1179 1953 1299 2017 ἀπὸ
1343 1975 1460 2039 pro
1506 1953 1635 2018 ὑπό.

829 2175 938 2243 Vs.
991 2170 1199 2241 1214.
1271 2177 1421 2258 οἴμοι
1466 2181 1849 2259 πεπλήγμεθ’
1896 2176 2064 2255 αὖθις
2113 2181 2224 2246 ὑπὸ
2268 2189 2376 2257 τῆς
2423 2181 2685 2255 ληκύθου.

917 2289 1102 2355 Ribb.
1166 2293 1324 2357 Ach.
1392 2294 1559 2358 Anh.
1621 2317 1683 2380 p.
1749 2296 1875 2359 271
1926 2295 2247 2381 parodiam
2299 2319 2430 2360 esse
2476 2297 2832 2382 suspicatur
2876 2319 3088 2363 versus

827 2404 1053 2473 Aeseh.
1125 2408 1349 2493 Agam.
1430 2410 1600 2472 1345
1660 2409 1806 2487 ὤμοι
1869 2409 2026 2487 μάλ’
2089 2403 2274 2483 αὖθις,
2323 2409 2594 2490 δευτέραν
2639 2410 3080 2490 πεπληγμένος.

827 2517 985 2583 Cum
1032 2543 1174 2585 vero
1218 2543 1424 2606 neque
1468 2521 1654 2587 verba
1700 2545 1906 2607 neque
1948 2529 2222 2588 metrum
2263 2523 2621 2609 tragoediae
2656 2525 2904 2612 propria
2935 2526 3083 2604 sint,

826 2657 1032 2720 neque
1092 2637 1436 2723 Aeschylus
1495 2637 1645 2704 haec
1706 2639 1985 2725 proferat
2030 2639 2137 2704 sed
2187 2636 2526 2725 Dionysu8‚
2576 2639 2835 2705 fortuita
2880 2640 3086 2705 existi-

826 2750 1053 2816 manda
1100 2757 1196 2816 est
1238 2752 1385 2817 talis
1430 2750 1759 2819 verborum
1806 2752 2181 2819 similitudo.

825 2975 932 3042 Vs.
986 2969 1194 3042 1217.
1267 2979 1371 3043 οὐκ
1415 2975 1570 3042 ἔστιν
1616 2976 1775 3051 ὅστις
1821 2977 2004 3043 πάντ’
2050 2977 2192 3059 duim
2239 2979 2582 3056 εὐδαιμονεῖ
2623 2977 2742 3043 κτὲ.

915 3090 1123 3156 Schol.
1181 3090 1529 3169 Σθενεβοίας
1577 3092 1640 3156 δὲ
1686 3091 1719 3165 ἦ
1766 3091 1950 3172 ἀρχή.
2002 3091 2234 3155 Eadem
2288 3092 2600 3156 sententia
2643 3091 2953 3177 reperitur
3000 3091 3077 3155 fr.

825 3204 1179 3290 Belleroph.
1232 3208 1381 3271 287.
1428 3203 1751 3291 Euripidis
1798 3228 2046 3269 versum
2093 3206 2296 3271 citant
2335 3204 2751 3285 Nicostratus,
2793 3203 2914 3269 fab.
2958 3205 3078 3269 inc.

824 3318 1022 3384 Mein.
1084 3318 1190 3383 ΙΙΙ
1253 3342 1315 3405 p.
1381 3322 1506 3383 288
1566 3328 1629 3383 et
1675 3317 2074 3406 Philippides
2122 3319 2189 3383 in
2235 3318 2689 3405 Philadelphis,
2740 3318 2936 3384 Mein.
2986 3317 3080 3383 IV

823 3456 884 3519 p.
912 3434 1064 3497 472.
1090 3432 1184 3496 De
1208 3440 1579 3518 argumento
1603 3431 1900 3498 dramatis
1926 3432 2049 3497 vid.
2079 3432 2284 3537 Schol.
2313 3432 2504 3518 Greg.
2531 3430 2670 3496 Cor.
2698 3454 2795 3518 ap.
2817 3432 2900 3497 N.
2919 3437 2985 3497 et
3001 3430 3078 3496 D.

821 3654 929 3721 Vs.
986 3652 1190 3722 1225.
1261 3658 1526 3724 Σιδώνιόν
1571 3658 1703 3723 ποτ’
1750 3656 1909 3723 ἄστυ
1958 3658 2207 3735 Κάδμος
2253 3658 2506 3722 ἐκλιπὼν

1264 3771 1578 3852 Ἀγήνορος
1623 3778 1792 3843 παῖς.

910 3884 1111 3951 Schol.
1160 3890 1263 3951 τοῦ
1310 3885 1569 3966 δευτέρου
1617 3881 1823 3966 Φρίξου
1869 3886 2014 3965 Εὑρ.
2068 3885 2101 3957 ἦ
2150 3885 2334 3965 ἀρχή.
2385 3882 2638 3949 Errasse
2675 3883 3067 3950 scholiastam

823 4008 887 4066 et
944 4000 1201 4081 δευτέρου
1259 4023 1371 4087 pro
1432 4000 1655 4081 πρώτου
1716 3999 2036 4084 scripsisse
2098 4004 2359 4083 apparet
2403 4021 2436 4063 e
2484 3997 2686 4063 verbis
2732 3997 2989 4064 Tzetzae
3043 4021 3080 4062 a

821 4114 906 4179 N.
957 4123 1020 4180 et
1067 4113 1144 4178 D.
1193 4114 1268 4180 fr.
1321 4116 1448 4178 816
1498 4113 1722 4178 allatis..
1775 4113 2063 4177 Alterius
2112 4111 2333 4177 Phrixi
2383 4112 2640 4177 initium
2688 4112 2842 4177 fuit:
2885 4113 2933 4177 εἶ
2970 4113 3081 4191 μὲν

821 4230 941 4295 τόδ’
990 4224 1151 4310 ἦμαρ
1197 4230 1317 4295 κτὲ.
1367 4229 1441 4293 fr.
1492 4231 1639 4292 818.
1690 4226 1769 4292 In
1819 4228 1938 4291 hae
1978 4227 2176 4292 altera
2220 4227 2579 4292 recensione
2614 4225 2771 4291 nihil
2799 4226 2919 4291 nisi
2944 4249 3081 4313 pro-

820 4342 1032 4429 logum
1080 4350 1396 4409 mutatum
1442 4366 1595 4422 esse,
1637 4364 1798 4428 quae
1843 4342 2031 4406 etiam
2076 4340 2373 4405 Fritschii
2412 4340 2666 4405 videtur
2691 4363 2821 4406 esse
2844 4341 3075 4428 opinio,

818 4463 985 4522 recte
1044 4458 1270 4523 statuit
1330 4456 1784 4535 Schneidewin,
1848 4454 2085 4522 Philol.
2146 4453 2256 4520 ΠΙ
2317 4479 2380 4542 p.
2450 4455 2598 4520 533.
2657 4452 2777 4519 Cui
2820 4476 3077 4539 quoque

818 4568 1107 4636 Fritschii
1150 4572 1461 4637 sententia
1506 4572 1585 4636 de
1624 4570 1999 4636 mutationis
2043 4591 2231 4634 causa
2267 4569 2513 4656 placuit
2545 4591 2733 4654 quam
2771 4568 2850 4634 ad
2895 4571 3062 4634 1206
