3875 5634
860 753 960 818 ‘92
1869 766 2051 813 avus.

833 962 906 1005 eo
966 938 1228 1003 fallitur.
1275 936 1598 1023 Nauplius
1643 936 1810 1001 enim
1856 935 2071 1001 nullas
2114 937 2532 1002 concremavit
2575 958 2780 1001 naves.
2829 936 2885 1002 E
2928 937 3087 1023 frag-

831 1052 1058 1117 mentis
1125 1051 1251 1116 tale
1312 1052 1472 1137 quid
1537 1049 1812 1116 voluisse
1871 1049 2242 1137 Sophoclem
2296 1072 2482 1116 nemo
2544 1049 2755 1116 eliciet
2813 1057 2878 1116 et
2921 1052 3089 1118 sicut

827 1164 1083 1231 aliunde
1141 1165 1499 1231 luculenter
1562 1170 1843 1252 apparet,
1906 1163 2248 1251 Nauplius,
2312 1171 2390 1229 ut
2446 1155 2681 1250 Hygini
2738 1163 2883 1250 (fab,
2933 1168 3086 1250 116)

826 1285 970 1344 utar
1026 1277 1251 1361 verbis,
1313 1286 1697 1365 „tamquam
1760 1278 2077 1343 auxilium
2143 1279 2223 1343 iis
2284 1279 2347 1365 (i.
2413 1300 2467 1342 e.
2515 1277 2792 1363 Danais)
2839 1279 3087 1345 afferret

722 1434 728 1440 ·
825 1393 1078 1473 „facem
1148 1392 1472 1459 ardentem
1540 1415 1617 1458 eo
1685 1392 1822 1457 loco
1874 1391 2129 1473 extulit,
2191 1413 2320 1477 quo
2376 1413 2524 1457 saxa
2570 1397 2754 1458 acuta
2801 1400 2866 1457 et
2909 1393 3086 1459 locus

823 1554 866 1586 ‚,
882 1506 1445 1594 periculosissimus
1512 1506 1710 1584 erat,”
1780 1513 1856 1569 ut
1916 1504 2189 1570 Graecos
2248 1505 2497 1571 falleret
2551 1513 2617 1571 et
2673 1507 2741 1571 in
2796 1485 3086 1594 scopulos

823 1620 1162 1686 adduceret
1220 1641 1428 1700 naves,
1497 1619 1577 1683 cf.
1641 1617 1796 1683 Eur.
1864 1618 2014 1683 Hel.
2067 1620 2239 1683 1126
2287 1618 2695 1704 sqq.·1taque
2740 1621 2792 1685 si
2842 1621 3083 1707 aptissi-

825 1756 997 1799 mum
1035 1733 1228 1799 fuerit
1273 1733 1392 1799 hoc
1440 1733 1770 1820 epitheton
1816 1731 2119 1818 Nauplio,
2168 1732 2296 1797 fuit
2339 1732 2529 1797 etiam
2574 1730 2967 1812 Prometheo,
3012 1734 3081 1800 in

824 1848 1006 1913 cuius
1064 1846 1359 1912 honorem
1425 1845 1933 1927 λαμπαδοδρομίκ
1978 1844 2186 1923 fiebat,
2237 1845 2442 1910 Schol.
2491 1843 2649 1911 Rau.
2707 1848 2854 1911 131.
2900 1844 3085 1912 Prae-

822 1968 993 2026 terea
1052 1960 1295 2025 etiamsi
1341 1959 1681 2025 statuimus
1728 1958 1849 2023 hoc
1895 1981 2123 2024 nomen
2170 1957 2416 2024 Polluci
2461 1958 2692 2040 deberi,
2730 1959 2892 2025 nihil
2929 1959 3080 2026 inde

821 2073 1107 2158 sequitur
1167 2071 1339 2159 quod
1398 2072 1574 2137 litem
1639 2070 1915 2136 dirimat.
1967 2070 2335 2137 Tenendum
2382 2072 2548 2136 enim
2593 2079 2688 2136 est
2730 2072 2945 2137 drama
2988 2095 3081 2138 sa-

818 2188 1087 2273 tyricum
1133 2188 1486 2273 antiquitus
1531 2186 1902 2273 simpliciter
1934 2236 1977 2265 „
1994 2184 2445 2251 Prometheus''
2478 2187 2847 2273 inscriptum
2885 2186 3080 2252 fuisse

821 2307 887 2366 et
930 2322 1005 2365 ex
1051 2322 1123 2366 eo
1164 2301 1331 2386 quod
1370 2322 1718 2386 cognomen
1752 2299 2014 2385 aliquod
2053 2300 2304 2365 finxerit
2333 2297 2580 2381 Pollux,
2616 2322 2820 2385 neque
2842 2301 3076 2381 drama,

820 2412 991 2498 quod
1046 2413 1321 2496 1]vaoe
1380 2413 1809 2501 appellaverit,
1858 2435 2073 2478 revera
2115 2421 2220 2494 Πρ.
2271 2412 2555 2494 πυρφόρον
2598 2413 2789 2478 fuisse
2837 2413 3077 2479 efficere

819 2526 988 2608 licet,
1049 2547 1253 2611 neque
1315 2528 1413 2592 τὸν
1462 2526 1751 2607 πυρφόρον
1794 2525 1989 2592 fuisse
2037 2526 2201 2591 illud
2248 2524 2462 2591 drama
2509 2527 2857 2610 satyricum
2904 2525 3075 2611 quod

819 2639 1148 2707 Persarum
1193 2640 1479 2727 trilogiae
1524 2639 1816 2705 additum
1860 2641 2075 2706 fuerit.

908 2756 967 2818 3.
1016 2752 1259 2836 Quidni
1304 2756 1503 2841 igitur
1546 2753 1646 2820 Pr.
1700 2754 1990 2837 πυρφόρος
2037 2755 2239 2841 prima
2271 2753 2559 2839 trilogiae
2594 2753 2914 2840 tragoedia
2945 2753 3077 2819 fue-

815 2867 946 2933 rit?
990 2867 1227 2933 Iterum
1277 2869 1610 2935 audiamus
1658 2867 2087 2948 Dindorfium,
2133 2867 2309 2933 Poet.
2360 2868 2538 2933 Scen.
2590 2867 2698 2934 Gr.
2738 2868 2856 2934 Ed.
2898 2867 3070 2956 Lips.

818 2984 1013 3062 1868,
1073 3005 1135 3069 p.
1201 2983 1359 3047 113:
1423 2985 1583 3062 „De
1642 3006 1800 3047 vana
1864 2984 2183 3047 multorum
2227 2983 2512 3065 opinione,
2560 2984 2665 3068 qui
2700 2983 3073 3065 tetraloys'am

811 3145 853 3175 „
870 3096 1275 3161 Prometheum
1330 3119 1402 3160 es·-
1462 3096 1653 3161 tribus
1714 3096 2037 3178 traqoediis
2097 3095 2383 3178 πυρφόρῳ,
2450 3095 2742 3176 δεσμώτῃ,
2807 3095 3070 3177 λυομένῳ

810 3256 853 3286 „
874 3209 1035 3291 (lieet
1102 3212 1169 3273 in
1236 3209 1511 3290 δεσμώτῃ
1581 3230 1676 3273 res
1740 3209 2081 3273 Promethei
2145 3210 2236 3274 ita
2294 3216 2663 3290 exponantur
2720 3216 2791 3271 ut
2835 3211 3069 3275 nullam

812 3323 1049 3400 „aliam
1090 3323 1373 3409 fabulam
1404 3324 1798 3407 praecessisse
1843 3327 2158 3407 appareat)
2205 3331 2264 3386 et
2292 3324 2527 3408 fabnla
2563 3323 2829 3408 satyrica
2865 3324 3070 3405 ignota

809 3436 1237 3519 „commitam
1267 3438 1588 3521 finxerunt
1615 3485 1813 3502 .....
1861 3436 1994 3500 diei
2040 3436 2105 3499 in
2163 3435 2306 3499 Vita
2346 3435 2638 3518 Sophoclis
2673 3437 2718 3501 l.
2759 3437 2850 3500 I.'’
2888 3433 3067 3500 Idem

811 3548 937 3614 lere
995 3547 1347 3615 Wecklein.
1412 3549 1639 3615 Aesch.
1702 3547 1912 3614 Prom.
1983 3552 2175 3629 1872,
2243 3571 2304 3636 p.
2359 3551 2474 3615 17:
2523 3548 2792 3628 „Allein
2841 3548 3070 3614 einmal

810 3711 850 3741 „
870 3662 1119 3727 enthiilt
1162 3663 1273 3728 der
1317 3672 1422 3745 Πρ.
1474 3664 1787 3743 δεσμώτης
1834 3662 2022 3728 keine
2065 3661 2593 3748 Voraussetzung,
2638 3662 2937 3728 vielmehr
2983 3663 3068 3727 ist

811 3824 851 3854 ,‚
869 3776 1045 3841 darin
1091 3776 1192 3842 die
1238 3777 1605 3863 Exposition
1652 3778 1785 3843 und
1823 3776 1927 3842 die
1966 3776 2332 3862 Erziihlung
2368 3776 2479 3841 der
2510 3775 3065 3862 vorausliegenden

809 3886 1372 3975 „Begebenheiten
1433 3914 1553 3956 von
1617 3890 1727 3956 der
1789 3893 1931 3971 Art,
1988 3890 2130 3956 dass
2175 3890 2315 3955 eine
2360 3888 2867 3975 vorhergehende
2912 3889 3066 3954 Dar-

808 4051 849 4081 „
867 4002 1148 4089 stellung
1192 4002 1517 4070 derselben
1566 4002 2076 4090 Bogebenheiten
2124 4004 2215 4068 als
2253 4003 2628 4069 asthetische
2664 4002 3061 4088 Unmoglich·
3158 4093 3164 4099 ¹

808 4115 1000 4195 „keit
1058 4118 1430 4184 erscheint.’'
1491 4117 1696 4184 Grave
1762 4118 1883 4183 hoc
1944 4117 2200 4183 videtur
2264 4124 2726 4203 argumentum,
2787 4117 2915 4196 sed,
2965 4140 3063 4183 me

805 4229 1060 4315 quidem
1104 4230 1331 4313 iudice,
1378 4232 1580 4318 prima
1622 4238 1878 4296 tantum
1925 4231 2131 4318 specie
2176 4254 2361 4317 grave
2404 4239 2516 4297 est.

894 4341 960 4409 si
1004 4366 1215 4410 revera
1258 4342 1673 4411 Prometheus
1718 4345 1974 4410 vinctus
2020 4346 2088 4409 in
2137 4345 2448 4430 colloquio
2495 4368 2637 4410 cum
2678 4343 3063 4410 Nereidibus

805 4462 871 4519 et
912 4454 985 4521 Io
1029 4457 1353 4523 historiam
1399 4459 1555 4524 furti
1598 4468 1931 4536 narrasset,
1981 4459 2195 4523 statim
2235 4458 2633 4524 concederem
2671 4481 2892 4523 vanam
2927 4482 3061 4523 esse

808 4587 995 4652 quam
1056 4592 1245 4657 supra
1302 4572 1638 4637 memoravi
1685 4571 2008 4637 Welckeri
2055 4571 2133 4636 de
2180 4572 2448 4654 πυρφόρῳ
2495 4573 2888 4637 sententiam.
2937 4570 3060 4635 Sed
