3875 5634
770 765 851 829 10
1617 780 2093 826 Δοεηιεωτειεε.

732 947 831 1013 Vs.
873 939 1015 1009 396
1043 970 1174 1034 sqq.
1226 958 1296 1014 K.
1348 950 1452 1014 οὐκ
1498 946 1654 1014 ἔνδον
1699 948 1855 1014 ἔνδον
1900 947 2083 1022 ἐστὶν,
2131 949 2180 1014 εί
2223 949 2467 1026 γνώμην
2509 946 2686 1028 ἔχεις.

1213 1075 1288 1128 Δ.
1341 1068 1466 1136 πῶς
1512 1062 1686 1136 ἔνδον,
1736 1057 1840 1127 εἶτ’
1889 1065 1995 1127 οὐκ
2041 1061 2229 1137 ἔνδον;
2281 1071 2347 1126 Κ.
2398 1060 2595 1143 ὀρθῶς,
2645 1057 2686 1125 ὦ
2734 1060 2918 1142 γέρον.

1346 1178 1373 1242 ὁ
1421 1182 1556 1250 νοῦς
1607 1174 1718 1255 μὲν
1765 1173 1874 1251 ἔξω
1919 1173 2223 1254 ξυλλέγων
2266 1175 2525 1240 ἐπύλλια

1351 1294 1456 1357 οὐκ
1504 1290 1680 1366 ἔνδον,
1729 1293 1905 1364 αὐτὸς
1953 1290 2007 1356 δ’
2057 1289 2212 1356 ἔνδον
2255 1289 2575 1368 αναβοὶδην
2619 1297 2772 1355 ποιεῖ

1349 1407 1696 1489 τραγῳδίαν.

815 1519 922 1584 Vs.
988 1523 1117 1584 396
1180 1519 1332 1586 Cob.
1395 1522 1499 1587 οὐκ
1559 1519 1717 1586 ἔνδον
1778 1519 1852 1584 ὢν
1899 1520 2006 1584 ἔστ
2049 1519 2238 1595 ἔνδον;
2289 1519 2485 1584 Mein.
2534 1519 2690 1585 ἔνδον
2733 1544 2801 1585 τε
2845 1522 2988 1586 κούκ

724 1632 846 1697 ἔστ’
894 1634 1050 1699 ἔνδον
1093 1635 1192 1699 vel
1239 1637 1341 1701 οὐκ
1389 1634 1547 1700 ἔνδον
1592 1633 1749 1699 ἔνδον
1792 1636 1848 1698 τ’
1895 1635 2069 1699 ἐστίν.

815 1747 1069 1834 Duplex
1130 1749 1298 1814 hisce
1361 1749 1527 1813 inest
1586 1748 1859 1835 parodia.
1921 1748 2018 1813 De
2080 1749 2275 1813 altera
2320 1749 2460 1813 vide
2508 1749 2584 1814 ad
2633 1750 2986 1835 proximum

724 1885 992 1927 versum.
1043 1862 1249 1927 Schol.
1298 1863 1558 1927 σκώπτει
1604 1861 1788 1928 πάλιν
1831 1865 1930 1929 τὸν
1970 1863 2286 1943 Εὐριπίδην
2326 1863 2425 1928 δια
2458 1853 2524 1928 τὸ
2563 1865 2619 1927 ἐν
2643 1870 2768 1937 τοῖς
2792 1863 2986 1941 λόγοις

728 1971 867 2040 εἶναι
891 1978 1358 2054 συλλογιστικὸν,
1385 1974 1492 2040 καὶ
1515 1971 1581 2041 οὖ
1603 1976 1678 2040 ἄν
1701 1975 1852 2056 λέγη
1876 1978 1945 2041 τὸ
1970 1977 2222 2042 ἐναντίον
2237 1978 2419 2041 πάλιν
2435 1977 2984 2058 κατασκευάζοντα.

732 2088 990 2154 Confert
1037 2090 1385 2154 Scholastia
1433 2090 1830 2156 notissimum
1873 2092 2290 2176 eumdemque
2329 2091 2796 2156 ventissimam
2820 2090 2992 2179 Hyp-

729 2203 926 2290 polyti
979 2226 1219 2268 versum
1273 2207 1438 2267 612:
1489 2206 1523 2277 ἡ
1572 2204 1800 2283 γλῶσσ’
1845 2205 2126 2285 ὀμώμοκ’
2170 2206 2202 2278 ἦ
2243 2205 2305 2270 δὲ
2347 2204 2501 2286 Φρην
2536 2206 2858 2283 ἀνώμοτος,
2885 2228 2990 2270 ne-

729 2339 852 2402 que
898 2316 1132 2382 infitior
1177 2318 1491 2403 tragicum
1530 2319 1777 2404 saepius
1817 2318 1905 2382 ita
1944 2318 2300 2384 distinxisse
2327 2327 2595 2383 mentem
2624 2317 2858 2405 abipso
2883 2318 2990 2382 ho-

731 2431 915 2512 mine,
965 2455 1020 2495 v.
1071 2455 1123 2496 c.
1172 2431 1413 2498 Phoen.
1465 2434 1614 2514 360,
1672 2435 1862 2514 1418,
1916 2432 2053 2497 Ion.
2097 2436 2245 2514 251,
2287 2432 2578 2497 hocloco
2618 2442 2828 2498 tamen
2869 2433 2990 2498 huc

732 2568 856 2610 non
903 2546 1158 2632 respicit
1206 2549 1314 2611 Ar.
1363 2545 1642 2612 Exhibet
1689 2549 1855 2612 enim
1904 2548 2257 2634 exemplum
2296 2548 2689 2625 λεπτολογίας
2725 2570 2888 2631 quae
2927 2556 2992 2611 et

731 2658 880 2724 alibi
918 2668 991 2745 ⁸et
1033 2660 1098 2725 in
1144 2660 1471 2747 Euripidis
1516 2660 1815 2726 dramatis
1860 2661 2169 2747 reperitur
2216 2668 2290 2724 ut
2348 2660 2539 2746 Hipp.
2592 2663 2784 2739 1034,
2831 2659 2987 2725 Hec.

737 2776 883 2854 566,
930 2773 1165 2839 Phoen.
1218 2775 1369 2853 357,
1418 2774 1557 2839 Ion.
1614 2778 1784 2839 1444
1822 2774 2084 2860 (Phoen.
2125 2783 2190 2839 et
2226 2774 2340 2839 Ion
2380 2783 2520 2860 post
2559 2775 2988 2840 Acharnenses

733 2888 799 2952 in
858 2910 1101 2953 scenam
1164 2887 1577 2975 prodierunt).
1627 2888 1890 2953 Minime
1936 2895 2148 2953 autem
2197 2887 2672 2974 improbandum
2719 2897 2817 2952 est·
2860 2889 2988 2953 tale

734 3001 1032 3087 loquendi
1077 3025 1300 3087 genus,
1348 3025 1427 3067 ne
1476 3004 1545 3068 in
1588 3026 1654 3068 re
1702 3003 1874 3088 gravi
1924 3003 2200 3087 quidem,
2248 3002 2432 3067 cuius
2476 3004 2656 3067 testis
2705 3003 2789 3066 sit
2832 3001 2993 3066 Pau-

734 3116 855 3197 lus,
903 3117 1016 3201 qui
1063 3120 1100 3179 2
1149 3114 1290 3181 Cor.
1341 3115 1459 3195 VI,
1508 3121 1546 3180 9
1595 3118 1671 3189 ὡς
1718 3116 2093 3194 ἀγνοούμενοι
2138 3114 2244 3180 καὶ
2292 3116 2859 3193 ἕπιγιγνωσκόμενοι,
2911 3117 2989 3188 ὡς

732 3228 1205 3304 αποθνησκοντες
1252 3229 1356 3295 καὶ
1405 3231 1524 3296 ἰδοὺ
1561 3230 1792 3311 ζῶμεν.
1813 3280 1828 3294 .
1849 3279 1864 3294 .
1885 3279 1900 3293 .
1944 3233 2021 3302 ὡς
2060 3230 2408 3307 λυπούμενοι
2445 3229 2537 3294 οὶεὶ
2570 3230 2633 3295 δὲ
2664 3231 2990 3310 χαίροντες,

734 3391 750 3407 .
777 3391 793 3407 .
822 3391 838 3407 .
867 3393 881 3407 .
948 3345 1023 3417 ώς
1081 3344 1269 3422 μηδὲν
1328 3343 1571 3424 ἔχοντες
1633 3342 1737 3409 καὶ
1801 3343 2005 3408 πάντα
2062 3343 2440 3423 κατέχοντες.
2491 3342 2994 3430 Reprehensione

736 3480 878 3521 vero
938 3458 1168 3542 dignus
1228 3466 1324 3523 est
1385 3460 1650 3545 scriptor
1709 3459 1821 3542 qui
1882 3458 2015 3522 sine
2073 3458 2295 3522 idonea
2356 3480 2561 3536 causa,
2617 3465 2872 3523 tantum
2917 3466 2994 3522 ut

729 3569 932 3637 verbis
990 3572 1192 3649 ludat,
1256 3573 1346 3636 rei
1407 3573 1704 3657 gravitati
1751 3574 2097 3657 incongrua
2141 3572 2432 3657 proferat,
2480 3580 2557 3637 ut
2601 3595 2657 3636 v.
2707 3595 2760 3637 c.
2809 3571 2991 3636 Euri·

735 3686 910 3772 pides
966 3686 1033 3750 in
1097 3685 1338 3751 Alcest.
1401 3710 1486 3751 vs.
1537 3688 1663 3750 521
1712 3708 1869 3771 sqq„
1920 3684 2031 3751 ubi
2079 3683 2406 3765 Admetus,
2458 3707 2785 3771 oppressus
2832 3686 2993 3751 scili-

737 3807 837 3862 cet
904 3808 969 3863 et
1036 3799 1359 3864 confectus
1426 3800 1663 3878 dolore,
1730 3798 2054 3863 subtiliter
2121 3799 2367 3864 disserit
2443 3799 2521 3863 de
2593 3820 2786 3863 uxore
2848 3821 2993 3864 mox

737 3913 1038 3977 moritura
1099 3920 1165 3977 et
1222 3911 1488 3977 Herculi
1554 3913 1811 3999 exponit
1866 3911 2180 3997 quomodo
2226 3910 2383 3976 ἔστιν
2427 3936 2495 3976 τε
2539 3912 2767 3977 κούκέτ’
2817 3911 2990 3977 ἔστιν.

736 4026 902 4091 Sunt
968 4026 1119 4090 haec
1192 4027 1648 4108 παραπρίσματ’
1719 4029 1873 4091 ἐπῶν
1934 4047 2096 4110 quae
2154 4026 2312 4090 Ran.
2382 4028 2550 4089 1443
2612 4027 2845 4112 carpsit
2900 4048 2997 4090 co·

735 4140 953 4220 micuS,
1016 4142 1229 4225 qualia
1294 4141 1549 4226 Agatho
1595 4163 1850 4225 quoque
1898 4141 2229 4222 adamavit,
2279 4140 2460 4205 cuius
2504 4140 2788 4222 πάρεργον
2833 4139 2995 4220 ἔργον

734 4263 956 4320 notum
1003 4263 1119 4320 est.

822 4366 983 4433 Cum
1065 4369 1509 4457 Aristophanis
1588 4369 1728 4435 loco
1811 4370 2225 4435 conferendus
2305 4376 2402 4434 est
2467 4369 2643 4434 locus
2710 4367 2997 4434 Platonis

732 4481 948 4547 comici
1017 4504 1205 4566 quem
1275 4486 1543 4549 servavit
1613 4484 1821 4549 Schol.
1891 4483 2140 4548 Thesm.
2212 4486 2362 4562 808,
2413 4484 2511 4548 cui
2561 4481 2784 4548 similis
2830 4484 2997 4547 inest

735 4595 943 4660 lusus:
