3875 5634
926 739 1052 802 110
1212 790 1219 798 .
1651 756 2359 803 τεεειιοιηῑοιιυπεᾼιι.

965 923 1202 991 Verum
1250 925 1375 1022 ‘hac
1422 927 1940 1015 interpretatione
1987 948 2211 1014 parum
2256 926 2638 1014 proficimus,
2685 927 2842 1012 quia
2886 949 3009 993 non
3059 927 3140 994 de

877 1043 1104 1108 animis
1159 1065 1360 1107 sermo
1409 1051 1523 1121 est,
1572 1043 1680 1108 sed
1728 1041 1805 1106 de
1849 1042 2002 1129 ipsis
2048 1039 2472 1107 animantibus
2520 1040 2721 1107 oculis
2766 1049 2832 1107 et
2878 1040 3140 1108 auribus

878 1156 1196 1242 praeditis.
1266 1155 1497 1241 Neque
1563 1155 1865 1241 intellego
1935 1177 2096 1241 quae
2163 1155 2495 1243 adscripsit
2567 1155 2892 1242 Engerus:
2953 1154 3141 1236 „Hic

876 1279 1148 1351 „tamen
1207 1272 1620 1359 intelligenda
1682 1279 1833 1337 sunt
1880 1271 2173 1337 animalia
2217 1272 2354 1359 ipsa
2401 1278 2578 1336 motu
2623 1270 2928 1358 praedita,
2976 1270 3142 1337 ideo-

876 1436 916 1465 „
935 1408 1060 1472 que
1119 1389 1186 1453 in
1248 1387 1501 1453 aethere
1549 1387 1763 1474 genita
1810 1410 1942 1453 esse
1988 1387 2349 1452 dicuntur.”
2397 1384 2639 1452 Verum
2685 1393 2783 1452 est
2829 1385 3141 1476 vocabula

877 1509 1053 1567 κινεῖν
1114 1508 1179 1567 et
1238 1503 1458 1578 κίνησιν
1518 1522 1702 1590 saepe
1763 1525 1800 1568 a
1857 1502 2240 1590 pbilosophis
2285 1503 2579 1590 usurpari
2627 1511 2702 1569 ut
2749 1502 3141 1589 significetur

875 1615 1218 1702 impulsus.
1243 1638 1372 1701 quo
1431 1616 1743 1682 elementa
1803 1616 2009 1682 adhuc
2062 1617 2370 1705 permixta
2417 1615 2849 1699 movebantur,
2904 1616 3135 1704 (Schol.

876 1729 1038 1796 οὐδὲν
1096 1730 1214 1813 γὰρ
1273 1731 1426 1812 δίχα
1482 1732 1755 1806 κινήσεως
1801 1731 2093 1819 γίνεται),
2136 1732 2242 1797 sed
2290 1754 2418 1798 non
2467 1738 2727 1818 apparet
2770 1753 2966 1816 quare
3010 1730 3137 1813 ζῷοο

875 1844 979 1910 hic
1045 1844 1339 1911 dicantur
1399 1845 1727 1923 κινούμενοι.
1794 1841 2098 1911 Voluitne
2156 1853 2342 1934 poeta
2399 1846 2685 1910 homines
2732 1852 2799 1911 et
2843 1844 3138 1911 animalia

874 1958 1264 2045 distinguere
1310 1960 1390 2025 ab
1435 1960 1578 2026 aliis
1622 1958 1788 2042 ζῴοις
1832 1968 2010 2025 motu
2058 1983 2183 2027 non
2231 1959 2549 2046 praeditis,
2601 1982 2655 2024 v.
2702 1982 2755 2024 c.
2781 1958 3029 2024 arborib
3040 1981 3132 2040 us,

873 2095 1034 2158 quae
1080 2074 1423 2140 secundum
1474 2074 1831 2154 nonnullos,
1869 2077 2302 2161 Anaxagoram
2342 2082 2404 2139 et
2442 2073 2909 2161 Empedoclem,
2935 2095 3137 2158 aeque

871 2187 999 2269 ζῷοο
1064 2188 1289 2255 erant?
1348 2188 1559 2255 Possis
1620 2189 1811 2255 etiam
1871 2190 2151 2255 conicere
2216 2197 2466 2277 poetam
2512 2188 2738 2255 dixisse
2785 2189 3136 2255 animantia

871 2323 1139 2387 quorum
1208 2304 1448 2369 semina
1508 2312 1695 2369 antea
1754 2304 1820 2369 in
1882 2311 2020 2369 aere
2083 2302 2707 2370 circumferebantur.
2757 2301 2879 2368 Sed
2925 2304 3134 2369 omnia

867 2417 1105 2483 incerta
1167 2426 1336 2483 sunt.
1404 2418 1632 2484 Oleum
1681 2426 1747 2484 et
1790 2440 2042 2505 operam
2091 2417 2425 2504 perdimus,
2475 2418 2713 2505 opinor,
2763 2418 2818 2483 si
2870 2440 2947 2483 ex
2997 2440 3136 2483 ver-

869 2529 966 2595 bis
1050 2532 1491 2619 Aristophanis
1559 2531 1815 2617 aliquod
1880 2532 2183 2619 placitum
2256 2532 2480 2597 elicere
2552 2554 2873 2597 conamur.
2946 2530 3131 2613 Quae

866 2644 1236 2732 Euripidem
1283 2647 1600 2713 dicentem
1645 2646 1800 2711 facit
1845 2647 2034 2712 nihili
2078 2653 2231 2712 sunt
2273 2653 2338 2712 et
2382 2646 2649 2733 speciem
2696 2654 2954 2712 tantum
3001 2646 3132 2735 pla·

866 2759 977 2824 citi
1024 2759 1276 2838 habent,
1324 2783 1497 2845 qnam
1546 2770 1743 2826 tamen
1781 2764 1967 2828 verbis
2013 2761 2357 2846 Euripiden
2406 2761 2665 2827 ornavit.

957 2871 1096 2939 Hoc
1158 2882 1233 2939 ut
1290 2874 1548 2961 probem
1601 2875 1811 2940 locum
1857 2875 2103 2941 afferam
2150 2874 2605 2953 Eratosthenis,
2656 2874 2772 2961 qui
2817 2875 2989 2963 fugit
3034 2876 3127 2941 in-

869 2996 1198 3076 terpretes.
1262 2988 1533 3076 Legitur
1576 2990 1684 3056 Er.
1732 2989 1966 3056 Catast.
2016 3014 2066 3055 c.
2118 2992 2234 3055 13:
2284 2986 2478 3064 Οὗτός
2534 2990 2602 3078 (ὃ
2648 2990 2920 3078 ἡνίοχος)
2972 2991 3130 3055 ἐστιν

866 3102 1237 3183 Ἐριχθόνιος,
1309 3101 1378 3180 ἐξ
1430 3105 1771 3186 Ἡφαίστου
1830 3104 1929 3170 xx)
1993 3113 2109 3180 Γῆς
2179 3105 2508 3184 γενόμενος·
2565 3110 2770 3171 τοῦτον
2837 3105 3127 3185 λέγουσιν,

864 3213 963 3281 ὅτε
1004 3216 1033 3281 ὃ
1084 3217 1229 3292 Ζεὺς
1273 3212 1425 3283 εἶδεν
1471 3222 1692 3301 πρῶτον
1736 3220 1797 3283 ἐν
1841 3218 2153 3301 ἀνθρώποις
2191 3216 2358 3299 bima
2395 3214 2693 3300 ζεύξαντα
2732 3215 2945 3292 ἵππων,
2987 3219 3129 3283 θοιν-

866 3330 1066 3409 μοὶσοιι
1133 3330 1248 3398 ὅτι
1315 3341 1403 3414 τῇ
1471 3336 1602 3398 τοῦ
1669 3332 1888 3406 ἡλίου
1955 3333 2390 3413 ἀντίμιμον
2459 3332 2894 3408 ἐποιήσατο
2954 3331 3125 3414 διφ-

862 3446 1110 3526 ρείαν,
1161 3443 1490 3527 ὑποζεύξας
1536 3444 1751 3521 ἵππους
1796 3447 2052 3521 λευκούς.

951 3558 1100 3626 Non
1146 3567 1301 3625 sunt
1347 3559 1655 3648 pedestris
1702 3561 1999 3627 orationis
2042 3559 2226 3626 verba
2271 3558 2355 3626 ὅτι
2393 3598 2487 3610 —-
2524 3561 2806 3644 διφρείαν,
2866 3568 2931 3625 et
2980 3582 3124 3627 cum

857 3673 1324 3755 Eratosthenes,
1391 3675 1501 3759 qui
1549 3674 1751 3739 multa
1797 3697 1871 3739 ex
1918 3674 2226 3762 Euripide
2273 3674 2518 3760 petivit,
2570 3675 2686 3739 hoc
2734 3674 2869 3761 ipso
2916 3675 3121 3760 capite

864 3811 1028 3873 quae
1072 3788 1413 3875 Euripides
1461 3788 1536 3854 de
1582 3788 1993 3854 Erichthonio
2037 3797 2347 3854 narrasset
2395 3795 2717 3870 memoret,
2767 3811 2893 3854 non
2937 3796 3130 3853 teme-

861 3903 1099 3968 rarium
1146 3910 1243 3969 est
1285 3903 1665 3968 contendere
1710 3902 2082 3991 Euripidem
2127 3901 2361 3968 alicubi
2410 3903 2730 3990 scripsisse

1606 4018 1925 4096 ἀντίμιμον
1974 4017 2135 4091 ἡλίου
2180 4017 2382 4098 δίφρῳ.

949 4130 1293 4199 Cuiusnam
1317 4133 1676 4219 tragoediae
1699 4134 1816 4198 hoc
1836 4133 2032 4198 fuerit
2053 4155 2131 4197 ne
2156 4134 2434 4198 conicere
2457 4132 2716 4217 quidem
2739 4132 2942 4197 ausim
2967 4153 3113 4196 cum

857 4253 922 4312 et
964 4248 1295 4333 sequeutia
1340 4247 1489 4333 (vid.
1539 4249 1612 4312 fr.
1663 4247 1816 4312 Eur.
1868 4250 2024 4331 917)
2072 4246 2391 4312 undenam
2438 4246 2722 4312 hauserit
2759 4246 3121 4311 Eratosthe-

860 4384 973 4427 nes
1017 4362 1370 4428 nesciamus
1397 4358 1467 4447 ¹).

928 4614 966 4677 ¹)
999 4614 1245 4665 Incertior
1276 4622 1367 4675 est,
1398 4631 1499 4666 non
1532 4622 1700 4665 tamen
1727 4616 1929 4666 omnino
1960 4613 2301 4680 neglegendus,
2331 4621 2388 4665 ut
2414 4612 2510 4664 hoc
2539 4613 2593 4664 in
2619 4612 2837 4664 transitu
2855 4628 3102 4675 moneam,
