3875 5634
939 765 1064 826 162
1909 783 2143 830 RANAB.

881 949 1094 1013 fuisse.
1160 949 1384 1014 Utitur
1434 950 1599 1014 enim
1649 950 1746 1014 his
1792 950 1940 1036 ipsis
1990 948 2193 1015 verbis
2241 952 2387 1023 Ζεὺς
2434 950 2593 1023 ὅστις
2638 951 2666 1015 ὁ
2710 953 2854 1024 Ζεὺς
2900 955 3024 1018 κτέ.
3073 962 3147 1019 ut

878 1061 1201 1148 Euripidis
1266 1065 1590 1144 παρρησίαν
1636 1063 2013 1141 ostenderet,
2062 1064 2230 1149 quod
2280 1072 2447 1130 certe
2493 1065 2697 1129 facere
2743 1086 2869 1130 uon
2915 1067 3148 1153 potuis-

879 1183 975 1240 set
1021 1177 1070 1241 si
1119 1177 1197 1241 ab
1243 1178 1378 1263 ipso
1426 1186 1609 1265 poeta
1654 1179 1882 1243 reiecta
1930 1186 2155 1243 essent.

972 1293 1061 1355 At
1120 1292 1325 1357 voluit
1386 1292 1644 1357 fortasse
1692 1291 2071 1357 Plutarchus
2116 1292 2486 1380 Euripidem
2535 1291 2809 1358 fabulam
2856 1302 3146 1361 retraeta-

877 1407 1038 1470 visse
1094 1414 1160 1471 et
1215 1416 1612 1486 retractatae,
1660 1407 2056 1494 Melanippae
2102 1407 2241 1473 dico
2287 1406 2578 1489 Vinctae,
2626 1409 2882 1496 initium
2928 1410 3143 1476 secisse

874 1524 1018 1594 Ζεὺς
1067 1524 1142 1594 ὥς
1192 1522 1471 1587 λέλεκται
1519 1523 1642 1588 κτὲ.
1691 1522 1810 1587 Sed
1851 1545 2056 1607 neque
2096 1524 2184 1586 ita
2228 1545 2445 1588 verum
2488 1522 2669 1603 dixit,
2698 1545 2841 1588 cum
2869 1547 2903 1589 e
2930 1523 3137 1591 Schol.

872 1658 928 1698 a.
1000 1634 1060 1699 h.
1126 1636 1169 1699 1.
1234 1644 1297 1699 et
1358 1660 1391 1700 e
1454 1637 1757 1722 Gregorio
1820 1635 1960 1702 Cor.
2024 1660 2102 1723 ap
2161 1635 2246 1701 N.
2294 1646 2360 1702 et
2410 1636 2511 1717 D.,
2562 1637 2638 1702 fr.
2688 1640 2840 1716 484,
2892 1647 3136 1704 constet

869 1749 1021 1815 Mel.
1095 1749 1506 1837 Philosophae
1577 1751 1744 1816 huno
1805 1775 2051 1818 versum
2114 1753 2323 1816 fuisse.
2398 1752 2578 1833 Quae
2643 1775 2786 1817 cum
2848 1753 2937 1818 ita
2990 1753 3137 1832 sint,

872 1863 1215 1929 arbitratus
1278 1873 1376 1929 est
1426 1865 1709 1931 Fritsche
1758 1864 1940 1931 verba
1990 1867 2134 1939 Ζεὺς
2181 1865 2339 1939 ὅστις
2385 1867 2412 1931 ὃ
2462 1867 2606 1939 Ζεὺς
2654 1868 2772 1931 κτὲ.
2824 1869 3137 1946 „omnino

871 2000 1056 2055 „non
1115 2001 1148 2042 e
1198 1980 1555 2067 Melanippe
1603 1980 1943 2066 repetenda
1992 1979 2182 2045 esse.”
2231 1979 2360 2045 Cur
2407 1988 2620 2045 tamen
2672 1979 2819 2044 huic
2867 1980 3135 2046 dramati

871 2114 1123 2177 prorsus
1184 2091 1602 2158 abiudicanda
1665 2095 1793 2158 sint
1855 2116 1979 2158 non
2027 2093 2226 2172 video,
2275 2093 2619 2159 dummodo
2666 2101 3018 2159 statuamus
3065 2119 3135 2160 ea

872 2228 1000 2271 non
1048 2208 1246 2294 prima
1294 2207 1594 2274 dramatis
1641 2208 1826 2274 verba
1870 2208 2079 2273 fuisse.

961 2320 1004 2385 J
1011 2322 1259 2386 ustinus
1299 2322 1413 2400 M„
1453 2346 1550 2409 ap.
1580 2322 1658 2386 D.
1685 2324 1759 2387 fr.
1787 2326 1938 2404 483,
1968 2322 2261 2388 Hecubae
2286 2346 2357 2388 ea
2380 2322 2629 2401 tribuit,
2654 2323 2721 2387 in
2748 2345 2873 2407 qua
2901 2332 3133 2409 tragoe-

870 2435 977 2499 dia
1020 2458 1145 2500 non
1192 2435 1519 2521 leguntur.
1568 2435 1877 2501 Fraudem
1918 2438 1973 2501 ei
2007 2438 2310 2515 fecerunt,
2355 2438 2597 2523 opinor,
2625 2435 2811 2501 verba
2836 2436 3130 2502 Hecubae

868 2547 1089 2615 Troad.
1155 2553 1307 2629 836,
1372 2550 1531 2624 ὅστις
1591 2553 1726 2615 ποτ’
1787 2547 1844 2616 εἶ
1890 2552 1981 2624 σὺ,
2032 2551 2443 2624 δυστόπαστος
2489 2551 2718 2622 εἶδέναι,
2762 2550 2771 2641 Ι
2814 2552 2976 2625 Ζεὺς,
3022 2552 3127 2616 εἴτ’

864 2663 1104 2742 dud-7225
1164 2665 1387 2746 <otinas
1444 2665 1558 2730 εἴτε
1619 2671 1747 2737 νοῦς
1809 2665 2042 2745 βροτῶν.
2103 2664 2748 2731 Animadvertendum
2789 2673 2885 2731 est
2924 2666 3127 2743 „Ze-2⁸13

865 2780 939 2851 ὥς
986 2779 1265 2844 λέλεκται
1313 2780 1480 2844 κτέ.”
1528 2780 1717 2844 etiam
1766 2779 1830 2844 in
1881 2778 2183 2860 Pirithoo,
2230 2780 2304 2846 fr.
2356 2782 2507 2860 594,
2557 2779 2702 2864 legi.

861 3003 967 3070 Vs.
1023 2997 1234 3067 1264.
1311 3006 1516 3070 Φθιῶτ’
1566 3005 1884 3084 Ἀχιλλεῦ,
1934 3006 1996 3070 τί
2038 3006 2169 3070 ποτ’
2217 3005 2628 3085 οἱνδροδοὶϊκτον
2672 3003 2914 3078 ἁκούων,

1314 3121 1366 3191 ἰὴ
1417 3119 1612 3199 κόπον,
1659 3121 1722 3184 οὐ
1767 3118 2036 3191 πελάθει-,τ
2080 3120 2174 3184 ἐπ’
2222 3119 2460 3199 ἀρωγάν
2481 3145 2498 3197 ;

949 3232 1151 3297 Sehol.
1193 3233 1267 3296 R.
1316 3231 1389 3297 V.
1432 3233 1555 3297 ἔστι
1595 3234 1656 3298 δὲ
1694 3236 1759 3298 ἐκ
1799 3234 2179 3314 Μυρμιδόνων
2204 3233 2538 3313 Αἰσχύλου.
2570 3231 2717 3297 Rec.
2741 3258 2754 3295 ε
2781 3238 2976 3297 Τοῦτο
2998 3233 3120 3297 ἀπὸ

852 3352 967 3411 τῶν
1000 3346 1299 3427 πρέσβεων
1333 3349 1470 3425 πρὸς
1508 3342 1815 3427 Ἀχιλλέοι
1858 3347 2163 3428 Αἰσχύλος
2203 3349 2538 3422 πεποίηκεν.
2568 3346 2670 3412 Fr.
2705 3350 2828 3411 128
2858 3344 2963 3425 N„
2993 3347 3114 3410 131

854 3459 941 3524 D-
971 3460 1196 3525 Telum
1233 3483 1359 3545 quo
1400 3463 1767 3527 vulneratus
1806 3469 1938 3526 erat
1978 3461 2315 3547 Euripides
2347 3465 2414 3526 in
2442 3462 2763 3526 aemulum
2790 3461 3031 3527 remisit
3054 3467 3117 3523 et

844 3575 1110 3639 facetius
1155 3584 1250 3639 est
1290 3577 1426 3640 eius
1465 3576 1519 3649 ἰὴ
1554 3576 1730 3640 κόπον
1767 3598 1958 3660 quam
1996 3576 2257 3648 ληκύθιον
2300 3575 2738 3660 Aeschyleum.
2783 3573 2862 3639 In
2898 3575 3117 3640 iocosis

843 3712 960 3754 vss.
1014 3692 1456 3754 1264—1295
1500 3713 1625 3754 non
1651 3690 1857 3754 omnia
1883 3689 2212 3775 perspicua
2238 3698 2388 3753 sunt
2412 3711 2557 3754 eum
2583 3690 2931 3753 nesciamus
2959 3710 3108 3773 quo-

841 3825 988 3868 nam
1033 3804 1193 3868 forte
1244 3804 1428 3868 modo
1475 3827 1701 3869 canens
1746 3804 2069 3889 rythmum
2119 3803 2413 3867 carminis
2461 3803 2793 3867 detorserit
2831 3802 3009 3882 Eur„
3044 3809 3110 3865 et

839 3915 1222 3982 Graecorum
1287 3941 1383 3982 res
1442 3920 1678 3983 musica
1730 3917 1905 3981 nobis
1953 3940 2176 4004 parum
2228 3925 2378 3981 nota
2424 3918 2527 3981 sit.
2578 3915 2851 3981 Videtur
2896 3925 3108 3981 tamen

834 4032 1190 4120 Euripides,
1243 4058 1361 4097 τες.
1415 4036 1585 4097 1264
1639 4056 1794 4118 sqq.,
1846 4041 1920 4097 ut
1966 4033 2124 4097 bene
2183 4033 2472 4118 exposuit
2513 4031 2715 4111 Kock,
2759 4031 2961 4096 ridere
2986 4053 3113 4095 ver·

835 4169 943 4210 sus
1010 4123 1356 4231 dactylicos
1427 4147 1717 4232 Aeschyli
1778 4155 1853 4211 ut
1916 4147 2104 4212 nimis
2169 4146 2531 4231 magnificos
2595 4152 2659 4209 et
2719 4142 3108 4230 ponderosoS,

834 4258 1060 4324 deinde
1129 4262 1265 4326 eius
1326 4260 1790 4338 obscuritatem,
1852 4283 2038 4325 usum
2102 4260 2377 4344 denique
2442 4281 2740 4324 versuum
2788 4257 3111 4322 intercala-

833 4373 1020 4454 rium,
1068 4376 1179 4458 qui
1227 4375 1476 4461 saepius
1520 4377 1586 4439 in
1635 4376 1771 4440 eius
1816 4373 2155 4459 tragoediis
2203 4374 2608 4460 reperiuntur
2655 4378 2772 4436 ut:

922 4490 1043 4573 Ag.
1099 4491 1244 4566 121,
1296 4490 1442 4569 139,
1495 4492 1620 4553 159
1668 4487 1901 4562 αἴλινον,
1950 4486 2165 4553 αἴλινον
2211 4488 2337 4552 εἰπὲ
2385 4487 2511 4552 κτέ.

920 4601 1143 4690 Suppl.
1193 4607 1323 4668 116
1371 4626 1526 4689 sqq„
1580 4607 1704 4669 129
1754 4626 1887 4689 sqq.
1935 4603 2169 4682 ἱλέομαι
2217 4604 2330 4681 μὲν
2379 4601 2612 4667 'An-lav
2659 4599 2860 4679 βοῦνιν
2905 4598 3030 4663 κτὲ.
