3875 5634
1842 765 2019 811 svm.
2911 747 2997 810 98

798 941 984 1006 aliter
1043 937 1299 1004 omnino
1361 958 1460 1000 res
1505 956 1570 998 se
1615 931 1822 997 habet.
1872 930 2110 996 Verum
2156 931 2407 1017 quidem
2452 938 2548 997 est
2593 930 3042 998 Prometheum
3171 998 3179 1003 ,

797 1053 937 1118 fuse
1005 1048 1352 1117 describere
1418 1069 1580 1133 quae
1646 1046 1765 1111 sibi
1819 1044 2088 1111 debeant
2146 1046 2457 1126 mortales,
2519 1068 2636 1110 vss.
2707 1049 2832 1110 229
2882 1066 3042 1131 sqq„

798 1169 928 1231 442
976 1187 1111 1250 sqq.
1159 1162 1282 1227 Sed
1326 1160 1622 1226 beneficia
1666 1159 1753 1225 ibi
1801 1167 2104 1224 memorat
2151 1158 2382 1244 quibus
2426 1166 2569 1245 post
2607 1159 2773 1244 ignis
2810 1159 3048 1224 donum

798 1280 1081 1345 homines
1136 1275 1435 1363 gaudent,
1496 1274 1782 1339 scientias
1847 1271 1987 1338 dico
2032 1280 2097 1338 et
2140 1280 2325 1351 artes,
2372 1294 2535 1358 quae
2581 1273 2649 1337 in
2697 1272 2897 1360 prima
2939 1273 3049 1338 tri-

798 1394 999 1480 logiae
1065 1389 1388 1476 tragoedia
1454 1386 1720 1453 describi
1789 1409 1917 1452 non
1983 1391 2351 1473 potuerunt,
2414 1387 2650 1473 qnippe
2711 1408 2871 1472 quae
2933 1386 3047 1451 diu

796 1516 959 1594 post,
1028 1505 1258 1571 sensim
1325 1494 1758 1591 paulatimque
1824 1501 1904 1566 ad
1965 1500 2247 1566 homines
2307 1501 2726 1587 pervenerint.
2789 1501 3048 1566 Furtum

798 1622 1129 1701 Lemnium,
1200 1622 1357 1705 quod
1417 1620 1622 1682 borum
1688 1617 2093 1702 beneficiorum
2147 1615 2505 1699 principium
2545 1616 2697 1702 suit
2755 1622 2815 1680 et
2872 1615 3047 1701 quasi

780 1737 1279 1821 fundamentum,
1339 1754 1423 1797 vs.
1476 1732 1600 1794 110
1646 1751 1784 1814 sqq„
1832 1730 1896 1794 in
1943 1729 2282 1794 Prometheo
2326 1729 2522 1794 vincto
2557 1751 2676 1793 non
2709 1730 2911 1793 sedulo
2949 1731 3047 1793 de·

797 1849 1101 1915 scribitur.
1157 1846 1468 1930 Tangitur
1515 1843 1789 1930 quidem,
1834 1866 1892 1907 v.
1942 1866 1995 1908 c.
2041 1866 2129 1907 vs.
2182 1845 2241 1923 7,
2289 1840 2400 1908 nbi
2446 1840 2680 1907 Kratos
2726 1848 2803 1907 ut
2849 1840 3041 1906 bilem

799 1961 1144 2050 Hephaesti
1180 1966 1461 2025 moveat:

1200 2077 1268 2140 τὸ
1311 2073 1410 2140 σὸν
1456 2071 1572 2153 γὰρ
1616 2070 1801 2144 ἄνθος,
1848 2069 2185 2151 παντέχνου
2231 2071 2403 2152 πυρὸς
2449 2068 2633 2143 σέλας

1203 2190 1457 2262 θνητοῖσι
1501 2185 1733 2266 κλέψας
1777 2185 2032 2249 ὤπασεν·

801 2326 919 2368 vss.
974 2305 1097 2366 110
1149 2308 1215 2366 et
1260 2303 1410 2381 252,
1460 2298 1571 2365 ubi
1616 2298 2056 2363 Prometheus:

1203 2412 1737 2495 ναρθηκοπλήρωτον
1784 2412 1846 2477 δὲ
1894 2415 2148 2493 θηρῶμαι
2184 2412 2356 2493 πυρὸς

1205 2527 1404 2605 πῆγην
1447 2525 1740 2591 κλοπαίαν
1783 2525 1904 2590 κτὲ.

1203 2640 1340 2715 πρὸς
1383 2614 1579 2705 τοῖο-δε
1625 2638 1821 2717 μέντοι
1865 2642 1977 2719 πῦρ
2019 2638 2136 2716 ἐγώ
2181 2641 2325 2719 σφιν
2371 2636 2606 2702 ὤπασα.

798 2778 1018 2821 verum
1059 2754 1130 2820 hi
1167 2753 1292 2820 loci
1327 2775 1451 2819 non
1492 2753 1797 2819 eiusmodi
1834 2759 1987 2818 sunt
2025 2758 2101 2816 ut
2137 2758 2431 2838 appareat
2463 2751 2723 2817 nullum
2748 2773 3046 2837 umquam

801 2870 1202 2956 praecessisse
1261 2866 1494 2933 drama.
1559 2865 1750 2946 Quid,
1812 2866 1864 2929 si
1923 2865 2125 2931 simile
2171 2865 2325 2951 quid
2367 2866 2727 2931 invenimus
2774 2890 2830 2932 v.
2879 2889 2935 2932 c.
2980 2867 3050 2932 in

798 2981 1257 3049 Eumenidibus
1318 2978 1653 3067 Aeschyli?
1713 2978 2121 3045 Praecessisse
2180 2977 2583 3067 Choephoras
2642 3004 2826 3047 nemo
2865 3003 3055 3067 nega·

801 3095 896 3161 bit
912 3123 932 3175 ς
992 3103 1274 3161 attamen
1330 3118 1448 3160 vss.
1494 3096 1622 3158 455
1671 3115 1803 3179 sqq.
1852 3093 2054 3158 fusius
2097 3114 2285 3178 quam
2332 3095 2399 3159 in
2444 3092 2815 3160 Prometheo
2865 3116 3051 3182 expo·

799 3210 977 3275 nitur
1023 3209 1178 3295 quid
1225 3209 1461 3274 factum
1510 3207 1596 3272 sit
1606 3234 1625 3286 3
1672 3205 1759 3272 ibi
1803 3206 1973 3272 enim
2020 3205 2303 3272 Orestes:

1026 3324 1156 3387 455
1204 3320 1484 3404 Ἀργεῖός
1530 3321 1671 3400 εἶμι,
1721 3319 1953 3401 πατέρα
1996 3321 2050 3385 δ’
2098 3320 2337 3401 ἱστορεῖς
2382 3324 2579 3394 καλῶς

1205 3432 1622 3514 Ἀγαμέμνον’

1022 3553 1152 3615 459
1601 3547 1771 3614 ἄλλα
1814 3571 1895 3612 νιν
1940 3546 2328 3629 κελαινόφρων
2372 3548 2491 3627 ἐμὴ

1210 3662 1405 3744 μήτηρ
1416 3661 1716 3737 ,κατέκτα
1761 3663 1885 3727 κτὲ.
2555 3675 2560 3678 ’

1026 3780 1157 3841 462
1203 3777 1375 3855 κάγὼ
1418 3776 1731 3850 κατελθὼν,
1781 3776 1878 3841 τὸν
1920 3777 2025 3856 πρὸ
2070 3780 2174 3841 τοῦ
2219 3774 2458 3857 Φεύγων
2503 3775 2725 3856 χρόνον,

1209 3889 1437 3956 ἔκτεινα
1484 3889 1593 3962 τὴν
1636 3896 1920 3955 τεκοῦσαν
1965 3890 2086 3955 κτὲ.

892 4004 1089 4071 Aliud
1138 4004 1494 4090 exemplum
1544 4003 1797 4089 praebet
1837 4001 2253 4068 Prometheus
2293 4003 2572 4068 Solutus.
2611 4002 2863 4090 Inspice
2900 4024 3058 4088 quos

803 4117 981 4184 nobis
1045 4118 1315 4183 servavit
1372 4115 1669 4203 Aeschyli
1725 4138 1938 4180 versus
1993 4113 2229 4195 Cicero,
2276 4115 2458 4183 Tusc.
2508 4118 2770 4199 Quaest.
2819 4116 2892 4183 H
2944 4119 3048 4197 10,

804 4231 878 4297 fr.
928 4234 1050 4298 187
1105 4229 1221 4310 Ν,.,
1272 4232 1397 4296 193
1445 4228 1561 4297 D.:
2003 4218 2008 4223 ’

1562 4391 1605 4423 ,,
1621 4341 1923 4428 adspicite
1971 4342 2304 4427 religatum
2348 4343 2584 4429 asperis

1207 4507 1250 4537 ,‚
1269 4456 1674 4541 vinctumque
1718 4455 1903 4534 saxis,
1950 4477 2171 4520 navem
2216 4462 2292 4520 ut
2337 4456 2663 4522 horrisono
2706 4456 2866 4522 freto

1208 4619 1251 4652 „
1268 4577 1515 4636 noctem
1561 4575 1855 4655 paventes
1898 4568 2110 4634 timidi
2152 4569 2500 4635 adnectunt
2545 4569 2824 4638 navitae.
