3875 5634
1766 752 2234 799 Acnnnmsas.
2997 738 3076 800 15

968 928 1119 992 456.
1167 926 1418 1007 λυπηρὸς
1460 921 1581 989 ἴσθ’
1636 922 1711 987 ὢν
1754 924 2178 1004 κάποχώρησον
2225 921 2434 1001 δόμων.

971 1044 1122 1107 460.
1656 1035 1778 1104 ἴσθ’
1829 1038 2080 1119 ὀχληρὸς
2126 1035 2201 1101 ὢν
2246 1035 2464 1115 δόμοις.

971 1159 1125 1223 479.
1461 1233 1465 1236 .
1659 1161 1805 1234 κλῇε
1850 1149 2437 1247 nuatum-mv.
2486 1148 2714 1215 Pollux
2763 1149 2843 1233 X,
2895 1152 2974 1215 27
3022 1157 3128 1217 λῦε

880 1268 1088 1343 πηκτὰ
1132 1267 1420 1346 δωμάτων
1463 1265 1758 1354 Euripidi
1803 1265 2054 1332 tribuit.
2103 1262 2197 1329 Cf.
2247 1263 2332 1330 N.
2380 1264 2456 1330 fr.
2503 1263 2655 1329 Eur.
2707 1268 2855 1331 991.
3073 1332 3078 1337 ,

970 1380 1161 1446 Hisce
1208 1378 1494 1446 omnibus
1540 1387 1756 1446 utrum
1801 1379 2039 1460 παρωδῇ
2079 1401 2157 1443 an
2198 1379 2637 1460 ποιροιτροιγῳδῇ
2675 1380 3122 1466 Aristophanes

882 1517 1010 1561 non
1070 1495 1292 1579 liquet.
1351 1492 1601 1578 Nauck,
1643 1479 1740 1560 Tr.
1804 1494 1903 1559 ad.
1972 1493 2094 1574 27,ι
2122 1515 2240 1558 vss.
2287 1496 2417 1558 449
2465 1498 2529 1557 et
2573 1496 2701 1558 450
2749 1491 3125 1580 Euripideos

884 1632 1014 1675 esse
1056 1608 1431 1696 suspicatur.
2527 1596 2543 1615 ⁶

886 1831 997 1899 Vs.
1036 1825 1182 1896 446
1208 1857 1339 1921 sqq.
1378 1833 1458 1900 In
1494 1835 1612 1899 hoc
1645 1835 1960 1920 colloquio
1982 1856 2108 1899 non
2131 1832 2497 1919 Euripidem
2521 1839 2772 1899 tantum
2797 1834 2905 1900 sed
2929 1835 3116 1899 etiam

884 1948 1391 2037 Dicaeopolidem
1450 1971 1924 2033 nonnumquam
1986 1945 2190 2013 verbis
2252 1948 2507 2033 tragicis
2566 1947 2685 2026 uti,
2747 1948 3008 2014 simulac
3052 1948 3133 2014 τὰ

884 2063 1032 2145 ῥάκι’
1080 2066 1146 2129 ἐκ
1189 2064 1519 2144 τραγῳδίας
1565 2064 1897 2150 acceperit,
1949 2063 2071 2127 iam
2122 2060 2393 2127 vidimus
2438 2083 2525 2126 vs.
2578 2064 2729 2140 435,
2775 2066 2926 2143 440,
2975 2066 3127 2128 450.

891 2178 1183 2245 Addeudi
1227 2186 1377 2243 sunt
1421 2201 1536 2244 vsa.
1585 2181 1736 2259 446,
1786 2180 1938 2258 455,
1982 2180 2134 2256 471,
2181 2177 2336 2258 478,
2384 2179 2511 2241 480
2559 2199 2690 2262 sqq.

1201 2295 1351 2356 446.
1398 2292 1809 2370 εὐδαιμονοίης·
1859 2291 2128 2371 Τηλέφῳ
2176 2291 2228 2374 δ”
2281 2290 2413 2369 ἁγὼ
2459 2295 2664 2371 φρονῶ.

978 2404 1079 2471 Fr.
1149 2406 1294 2471 702.
1358 2403 1449 2470 Cf.
1511 2404 1694 2470 verba
1756 2405 2060 2500 Arcesilai
2117 2428 2155 2469 a
2211 2403 2501 2470 Nauckio
2549 2404 2759 2469 citata.
2811 2404 3130 2487 Quaenam

889 2542 1103 2586 versus
1162 2519 1339 2584 allati
1394 2520 1461 2584 in
1524 2519 1842 2604 tragoedia
1904 2520 2218 2585 sententia
2279 2520 2471 2585 fuerit
2527 2542 2652 2585 non
2698 2522 2848 2586 satis
2894 2528 3133 2586 certum

892 2639 1006 2699 est.
1068 2632 1382 2698 Videntur
1441 2655 1563 2698 non
1627 2632 1705 2698 ab
1753 2655 1882 2698 uno
1927 2634 2199 2698 alterove
2248 2633 2626 2699 Graecorum
2671 2635 2945 2720 profecta
2989 2658 3136 2717 esse,

891 2748 1005 2832 qui
1064 2770 1178 2813 cur
1237 2755 1366 2812 tam
1393 2744 1402 2754 “
1425 2747 1610 2812 tectis
1670 2745 1869 2812 verbis
1931 2753 2222 2812 uteretur
2280 2770 2409 2812 non
2472 2755 2606 2813 erat
2651 2771 2854 2830 causa,
2901 2748 3009 2814 sed
3055 2748 3133 2815 ab

893 2864 1030 2947 ipso
1091 2860 1383 2947 Telepho,
1445 2861 1557 2945 qui
1618 2882 1761 2925 cum
1825 2861 2097 2947 suspicio
2156 2868 2293 2926 orta
2340 2870 2520 2942 esset,
2568 2885 2782 2927 cavere
2824 2862 3017 2928 vellet
3060 2887 3140 2929 ne

891 2957 1329 3061 agnosceretur
1395 2980 1460 3039 et
1524 2974 1656 3060 ipse
1725 2973 1802 3039 de
1869 2973 2144 3060 Telepho
2211 2974 2474 3058 loquens
2533 2976 2793 3061 ancipiti
2854 2984 3138 3043 uteretur

893 3112 1173 3155 sermone
1216 3112 1341 3174 quo
1387 3090 1547 3155 mala
1631 3090 1663 3165 i.
1700 3089 2029 3188 imprecari
2075 3089 2412 3155 videretur.

986 3202 1159 3286 Quid
1197 3211 1409 3270 autem
1442 3176 2185 3291 voluitaxri‘stophanes?
2222 3203 2526 3269 Mueller:
2566 3203 2741 3282 „hoc
2773 3205 2907 3270 loco
2933 3204 3140 3290 (verba

896 3318 1030 3402 A‘r.)
1076 3326 1290 3406 aperte
1335 3318 1668 3384 intellectu
1720 3325 1934 3385 carent
1961 3367 1976 3383 .
2007 3367 2023 3384 .
2053 3368 2068 3383 .
2099 3368 2114 3384 .
2163 3341 2361 3404 caque
2407 3318 2583 3385 addit
2627 3325 2702 3384 ut
2743 3342 2925 3385 versu
2963 3318 3144 3386 Euri·

897 3431 1079 3517 pidco
1141 3439 1380 3510 utatur,
1441 3454 1568 3497 non
1630 3439 1706 3496 ut
1766 3432 2043 3517 aliquam
2091 3432 2488 3510 sententiam,
2538 3431 2687 3497 huic
2731 3433 2866 3498 loco
2911 3441 3143 3519 aptam,

898 3546 1219 3632 exprimat.
1282 3524 1642 3612 Firmantur
1704 3571 1775 3612 ea
1836 3569 2000 3632 quae
2059 3547 2301 3633 protuli
2345 3570 2527 3612 versu
2572 3548 2919 3632 sequenti.”
2966 3549 3144 3632 Quae

900 3658 1333 3747 interpretatio
1371 3668 1508 3725 tum
1548 3660 1799 3726 demum
1836 3661 2091 3726 ferenda
2129 3661 2267 3740 erit,
2308 3683 2452 3726 cum
2490 3660 2650 3727 aliae
2691 3642 2901 3727 omnes
2922 3664 3151 3729 frustra

899 3780 1179 3839 tentatae
1219 3774 1475 3840 fuerint.
1511 3774 1603 3838 Ut
1640 3775 2085 3861 Aristophanis
2122 3772 2309 3840 verba
2331 3775 2724 3853 „intellectu
2746 3777 2988 3841 carere”
3011 3800 3148 3864 pro·

900 3887 1008 3953 bet
1046 3886 1319 3954 Mueller
1358 3889 1508 3954 haec
1544 3888 1759 3955 addit:
1785 3887 1912 3968 „Si
1936 3889 2337 3974 accipiuntur
2362 3910 2471 3974 pro
2495 3887 2868 3975 „Telephus
2891 3891 3022 3975 ipse
3045 3913 3146 3977 pe·

900 4000 1096 4080 reat,”
1154 4003 1366 4088 inepta
1425 4011 1518 4067 est
1580 4004 1913 4082 sententia,
1976 4025 2175 4088 quum
2225 4002 2366 4067 Dic.
2414 4003 2546 4089 ipse
2591 4001 2932 4089 Telephum
2981 4012 3146 4090 agat.

904 4115 969 4181 Si
1029 4114 1453 4202 explicantur:
1516 4116 1712 4196 „Tua
1771 4115 2004 4197 fabula,
2054 4140 2214 4202 quae
2263 4116 2575 4203 Telephus
2620 4115 2997 4196 inscribitur,
3048 4140 3186 4204 pe-·

901 4229 1094 4309 reat'’,
1164 4228 1264 4293 vel
1332 4277 1373 4308 ,‚
1393 4229 1524 4314 ejus
1586 4252 1684 4294 me
1745 4228 2016 4309 taedet'’,
2057 4230 2455 4320 'stultissime
2516 4229 2670 4294 haec
2730 4229 2898 4294 dicta
2955 4237 3145 4296 sunt:

901 4340 1211 4406 offendere
1255 4342 1420 4407 enim
1465 4340 1834 4429 Euripidem
1880 4349 2022 4408 tum
2060 4343 2314 4409 demum
2352 4342 2578 4428 incipit
2616 4341 2777 4420 Dic„
2815 4350 3146 4428 postquam

902 4455 1114 4521 omnia
1156 4455 1418 4542 accepit,
1466 4476 1626 4540 quae
1671 4456 2015 4544 popooeit.”
2064 4455 2244 4538 Quae
2289 4478 2435 4522 vera
2477 4464 2702 4537 essent,
2752 4456 2805 4521 si
2837 4456 2966 4522 alta
3002 4479 3149 4522 voce

906 4567 1046 4635 Dic.
1106 4568 1261 4635 haec
1304 4568 1558 4647 dixisset
1598 4570 1913 4658 Euripidi,
1959 4594 2082 4637 non
2131 4594 2278 4638 vero
2319 4572 2375 4637 si
2422 4569 2675 4637 remissa
2720 4592 2867 4638 voce
2911 4579 3147 4657 specta·
