3875 5634
1776 825 2249 872 Acmmnsns.
3005 812 3086 875 11

1177 1004 1251 1059 A.
1304 992 1458 1072 άτὰρ
1504 993 1567 1056 οὐ
1615 993 1827 1072 λαχὼν
1872 992 2032 1071 ὅμως
2079 991 2326 1073 ἔλαχες,
2373 985 2612 1068 ἦν’νοῦν
2659 992 2826 1075 ἔχῃς.

1175 1118 1237 1171 Β.
1303 1110 1426 1179 πῶς
1470 1103 1538 1180 ἣν
1585 1106 1708 1187 ἔχω
1755 1112 2042 1183 veiim-A.
2092 1105 2178 1172 ὅτι
2224 1109 2439 1189 πονηρῷ
2488 1107 2592 1172 καὶ
2639 1106 2779 1190 ξένῳ

1287 1219 1589 1300 ἕπε’λαχες
1634 1222 1814 1302 άνδρίὲ

894 1455 998 1521 Vs.
1049 1446 1246 1544 400..
1600 1454 1641 1522 ὦ
1689 1459 2078 1559 τρισμακάρι’.
2109 1460 2412 1541 Εὐριπίδη,
2508 1515 2518 1526 .

1335 1570 1427 1638 ὅθ’
1476 1573 1503 1637 ὅ
1552 1573 1752 1642 δοῦλος
1799 1570 2010 1637 οὑτωσὶ
2055 1577 2258 1654 σοφῶς
2306 1574 2688 1655 ὑποκρίνεται.

981 1734 1188 1799 Schol.
1239 1734 1555 1813 διαβάλλει
1599 1737 1697 1800 τὸν
1736 1737 2062 1817 Εὐριπίδην
2104 1735 2188 1801 ὅτι
2230 1738 2438 1810 δεινοὺς
2477 1738 2697 1816 εἰσάγει
2734 1740 2866 1811 τοὺς
2905 1738 3138 1811 δούλους

887 1848 947 1911 ἐν
1007 1857 1080 1928 τῇ
1141 1849 1454 1931 τραγῳδία.
1522 1847 1714 1914 Hunc
1757 1850 1854 1914 vel
1907 1849 2212 1915 eiusmodi
2259 1851 2464 1915 locum
2512 1853 2844 1938 respexisse
2889 1853 3139 1917 videtur

891 1959 1195 2046 Origenes
1254 1986 1307 2027 c.
1369 1961 1528 2029 Cels.
1593 1962 1727 2029 VII
1785 1988 1845 2052 p.
1917 1967 2043 2030 720
2106 1967 2203 2032 ed.
2266 1966 2344 2031 de
2404 1967 2466 2031 la
2524 1966 2682 2049 Rue,
2729 1968 2909 2035 cuius
2957 1967 3137 2033 verba

889 2076 1129 2141 confert
1200 2075 1471 2142 Kuster:
1553 2079 1865 2159 Εὐριπίδης
1940 2080 2004 2144 δὲ
2080 2080 2191 2145 ὑπὸ
2252 2080 2709 2162 ’Δριστοφάνους
2776 2082 3138 2163 κωμῳδεῖται

890 2192 964 2264 ὥς
1010 2191 1436 2273 άκαιρορρήμων
1483 2191 1580 2257 διά
1626 2194 1692 2258 τὸ
1737 2192 2029 2266 πολλάκις
2074 2192 2517 2275 περιτεθεικέναι
2555 2193 2763 2283 λόγους
2800 2195 3134 2274 δογμάτων,

891 2300 964 2368 ὦν
1048 2305 1170 2369 άπὸ
1253 2302 1657 2387 Ἀναξαγόρου
1737 2306 1771 2381 ἥ
1855 2330 2006 2380 τινος
2086 2305 2287 2387 ἔμαθε
2353 2314 2485 2372 τῶν·
2534 2313 2748 2387 σοφῶν,
2818 2308 3136 2391 βαρβάροις

893 2414 1161 2496 γυναιξὶν
1206 2418 1240 2493 ἢ
1288 2419 1552 2493 οἰκέταις.

980 2531 1238 2616 Saepius
1282 2533 1730 2620 Aristophanes
1776 2532 1964 2599 verba
2009 2534 2389 2620 tragicorum
2438 2536 2512 2599 ad
2563 2536 2766 2600 iocum
2806 2534 3139 2621 detorquet

889 2666 1014 2709 non
1064 2653 1138 2709 ut
1181 2645 1616 2731 reprehendat,
1663 2647 1771 2712 sed
1823 2656 1896 2712 ut
1939 2648 2153 2732 gravia
2201 2648 2565 2734 vulgaribus
2602 2672 2973 2737 componens
3009 2652 3140 2715 ani-

890 2782 1023 2824 mos
1080 2760 1437 2825 auditorum
1499 2760 1868 2827 oblectetur.
1934 2760 2058 2827 Hic
2121 2771 2332 2828 tamen
2381 2762 2665 2828 ridet-ut
2709 2764 3134 2850 reprehendat.

892 2871 1211 2960 Improbat
1268 2875 1434 2940 enim
1493 2874 1862 2962 Euripidem
1925 2877 2247 2942 interdum
2306 2899 2512 2942 servos
2576 2878 2867 2943 inducere
2939 2884 3137 2959 σοφῶς

890 2988 931 3052 i.
978 3012 1031 3052 e.
1082 2988 1506 3076 philosophice
1551 2990 1902 3076 loquentes.
1945 2992 2044 3075 (cf.
2086 2990 2246 3054 Bau.
2291 2992 2440 3072 949)
2481 2989 2820 3055 Videamus
2859 3013 2939 3054 an
2978 2990 3133 3055 iure.

892 3101 1079 3183 Quod
1138 3101 1472 3189 Euripides
1534 3104 1598 3169 id
1662 3104 1811 3169 fecit
1869 3127 1946 3169 ex
2005 3112 2182 3190 parte
2244 3103 2651 3169 tribuendum
2711 3112 2804 3168 est
2858 3104 3136 3189 opinioni

892 3239 1078 3301 quam
1152 3217 1231 3282 de
1290 3218 1478 3282 servis
1539 3217 1778 3297 habuit,
1842 3239 2132 3302 quaeque
2196 3218 2253 3282 ei
2314 3218 2534 3282 honori
2595 3217 2717 3282 fuit
2778 3239 3136 3303 quanquam

890 3352 1014 3394 non
1059 3329 1147 3394 sic
1191 3330 1509 3395 videretur
1557 3330 1987 3425 Aristophani.
2037 3330 2186 3395 Non
2235 3331 2399 3395 enim
2440 3328 2767 3395 verebatur
2806 3353 3138 3416 agnoscere

818 3490 827 3498 -
891 3465 1095 3510 servos
1154 3444 1404 3508 nomine
1462 3452 1714 3509 tantum
1774 3443 1852 3509 ab
1914 3444 2209 3530 ingenuis
2269 3444 2532 3523 differre,
2598 3467 2654 3508 v.
2716 3467 2768 3509 c.
2819 3444 2957 3509 Ion.
3007 3448 3133 3510 2355

894 3580 1048 3643 sqq.‚
1097 3557 1243 3623 Hel.
1298 3558 1421 3621 728
1460 3579 1616 3643 sqq.‚
1656 3558 1733 3624 fr.
1779 3561 1928 3639 514,
1974 3560 2123 3639 515,
2167 3560 2317 3647 82⁴8.
2358 3557 2479 3623 Sed
2505 3557 2630 3622 alia
2651 3559 2906 3624 accessit
2930 3581 3137 3624 causa.

890 3671 1288 3736 Existimavit
1330 3671 1665 3758 Euripides
1710 3672 1946 3757 grande
1985 3672 2232 3737 dicendi
2274 3694 2470 3757 genus
2486 3671 2707 3737 decere
2731 3673 3136 3759 tragoediam,

890 3807 1093 3870 neque
1154 3786 1462 3850 variarum
1523 3808 1950 3872 personarum,
2014 3808 2169 3871 quas
2217 3787 2283 3851 in
2327 3808 2508 3851 scena
2556 3787 2656 3872 agi
2702 3787 2924 3867 voluit,
2975 3788 3139 3853 sicut

891 3898 1215 3986 oportebat
1265 3900 1561 3965 rationem
1609 3899 1851 3966 habuit.

978 4011 1228 4099 Inspice
1296 4013 1559 4080 Medeae
1620 4037 1709 4080 vs.
1774 4018 1859 4079 49
1923 4037 2058 4100 sqq.
2130 4024 2195 4080 et
2262 4016 2477 4080 audies
2542 4038 2784 4081 servum
2845 4017 3138 4082 ancillam

779 4211 783 4215 .
890 4126 1305 4192 salutantem:
1357 4210 1363 4217 ⁵

1363 4242 1616 4307 παλαιὸν
1662 4241 1824 4308 οἴκων
1868 4250 2083 4321 κτῆμα
2129 4243 2430 4317 δεσποίνης
2474 4244 2647 4323 ἐμῆς,

889 4411 1002 4468 aut
1048 4403 1284 4469 Alcest.
1331 4426 1419 4469 vs.
1472 4405 1593 4470 757
1609 4432 1628 4484 3
1676 4403 1868 4470 habes
1910 4428 2159 4471 servum
2199 4413 2561 4490 querentem
2604 4408 2772 4493 quod
2808 4407 3136 4489 Hercules,

888 4538 1029 4581 cum
1091 4517 1308 4582 dolore
1367 4519 1627 4583 affectus
1689 4519 1773 4583 sit
1835 4518 2149 4596 dominus,
2195 4519 2262 4583 in
2312 4520 2447 4584 eius
2494 4520 2675 4585 domo
2720 4528 2899 4606 potet
2944 4529 3134 4605 atque

887 4628 1214 4715 epuletur:
