3875 5634
925 750 956 811 1
976 751 1059 811 64
1894 764 2130 809 RANAB.

880 933 1036 1010 chio,
1108 931 1183 995 fr.
1265 933 1391 994 236
1455 928 1541 995 N.
1616 931 1738 996 237
1803 929 1905 1010 1).,
1970 938 2036 995 et
2096 929 2300 995 Schol.
2367 929 2527 995 Ach.
2594 931 2722 994 332
2772 928 2883 994 ubi
2929 939 3136 996 tamen

881 1043 1178 1129 Aeschyli
1227 1067 1456 1110 nomen
1495 1067 1622 1110 non
1662 1047 2010 1131 genuinum
2051 1053 2163 1110 est.
2203 1044 2657 1131 Fragmentum
2703 1047 2829 1109 235
2873 1043 2982 1126 N„
3010 1048 3138 1111 236

881 1156 962 1222 D.
1011 1165 1228 1224 utrum
1278 1158 1432 1224 huic
1475 1158 1740 1225 dramati
1787 1182 1865 1224 an
1917 1158 2114 1246 Mysis
2149 1158 2558 1225 tribuendum
2598 1159 2681 1223 sit
2720 1157 2878 1223 effici
2898 1159 3139 1243 nequit.

879 1382 990 1450 Vs.
1044 1376 1254 1449 1273.
1329 1386 1694 1465 Εὖφαμεῒτε
1724 1384 2132 1463 μελισσονόμοι
2156 1385 2333 1462 δόμον
2356 1383 2706 1465 Ἀρτέμιδος
2731 1383 2925 1467 πέλας
2946 1382 3137 1464 οἴγειν.

973 1498 1178 1564 Schol.
1239 1498 1315 1563 R.
1366 1506 1431 1563 et
1480 1496 1557 1563 V.
1607 1499 1672 1563 ἐκ
1718 1503 1831 1562 τῶν
1878 1498 2107 1578 Ἱερειῶν
2152 1499 2483 1580 Αἰσχύλου.
2534 1497 2880 1583 Tragoedia
2925 1497 3140 1580 Ἱέρειαι

878 1613 1066 1698 quale
1126 1621 1572 1698 argumentum
1637 1611 1930 1677 habuerit
1974 1635 2172 1696 aeque
2219 1614 2507 1698 ignotum
2555 1620 2671 1677 est.
2723 1611 3024 1698 Mysteria
3070 1613 3138 1677 in

876 1750 949 1792 ea
993 1727 1275 1813 tetigisse
1322 1727 1708 1813 Aeschylum
1755 1733 1969 1791 narrat
2013 1726 2392 1791 Eustathius
2436 1748 2536 1812 ap.
2578 1725 2663 1790 N.
2708 1731 2774 1790 et
2809 1725 2887 1790 D.
2925 1726 3000 1791 fr.
3031 1728 3135 1791 83.

967 1841 1396 1920 Μελισσονόμοι
1456 1848 1606 1906 sunt
1666 1841 2032 1905 sacerdotes,
2080 1840 2254 1905 Num
2304 1863 2450 1905 vero
2495 1862 2724 1905 nomen
2773 1839 3058 1919 μέλισσαι
3102 1863 3138 1904 a

877 1953 1162 2032 μέλεσθαι
1233 1954 1329 2019 vel
1386 1978 1423 2019 a
1483 1955 1799 2033 μειλίσσειν
1860 1953 2152 2039 (Lobeck,
2202 1962 2266 2020 et
2312 1953 2490 2019 Kock
2537 1977 2593 2018 a.
2644 1953 2704 2017 h.
2753 1953 2822 2037 l.)
2869 1953 3136 2019 derivari

878 2067 1095 2153 possit,
1143 2068 1388 2132 dubito.
1436 2068 1665 2154 Pythia
1711 2092 1809 2154 ap.
1859 2066 2042 2133 Pind.
2091 2067 2273 2154 Pyth.
2323 2067 2421 2133 IV
2472 2071 2553 2132 60
2596 2067 2860 2146 μέλισσα
2900 2069 3136 2151 Δελφίς

876 2188 1155 2246 vocatur.
1229 2179 1611 2267 Porphyrius
1679 2180 1756 2246 de
1821 2189 2003 2246 antro
2063 2181 2340 2268 Nymph.
2407 2205 2506 2268 ap.
2554 2179 2821 2246 Fritsch.
2871 2205 2927 2247 a.
2981 2182 3042 2247 h.
3090 2182 3132 2247 l.

877 2295 1138 2368 Σελήνην
1200 2319 1267 2358 τε
1327 2289 1502 2359 οὖσαν
1557 2294 1835 2373 γενέσεως
1881 2294 2262 2376 προστατιδα,
2313 2295 2628 2361 Μέλισσαν
2676 2295 2940 2361 έκοὶλουν.
2992 2295 3135 2361 Una

876 2430 1019 2473 cum
1068 2407 1410 2473 Curetibus
1455 2416 1879 2473 memorantur
1915 2409 2249 2496 Nymphae
2288 2409 2506 2482 παῖδες
2545 2409 2892 2483 Μελισσέως
2919 2409 3129 2497 Apoll.

877 2521 911 2585 I
960 2524 1018 2602 1,
1072 2526 1128 2585 6.
1181 2521 1463 2587 Verbum
1510 2532 1669 2590 Μελ.
1718 2524 1978 2588 fortasse
2025 2522 2356 2588 barbarum
2405 2531 2519 2602 est,
2569 2531 2644 2587 ut
2683 2521 2914 2603 αἴλινον,
2962 2525 3127 2608 quod

875 2660 910 2701 e
957 2636 1132 2723 Syria
1178 2639 1512 2704 oriundum
1565 2662 1694 2703 esse
1741 2637 2009 2718 videtur,
2058 2636 2428 2721 similiaque.
2480 2635 2827 2702 Scholiasta
2863 2652 3130 2702 πολισσο-

873 2749 1033 2828 νόμοι
1080 2750 1304 2835 legisse
1351 2752 1620 2816 videtur.
1900 2751 1904 2754 ’

873 2972 982 3039 Va.
1037 2967 1247 3039 1276.
1320 2973 1502 3055 κύριός
1548 2975 1666 3052 εἶμι
1713 2976 1884 3054 θροεῖν
1928 2970 2083 3037 ὅδιον
2127 2972 2336 3053 κράτος
2382 2970 2567 3037 αἴσιον
2610 2972 2847 3052 ἆνδρῶν.

876 3087 1098 3152 Aesch.
1155 3090 1269 3172 Ag.
1323 3090 1470 3152 104.

874 3312 983 3380 Vs.
1039 3306 1224 3376 1285
1276 3336 1409 3400 sqq.
1459 3310 1614 3385 ὅπως
1660 3313 1932 3392 Ἀχαιῶν
1979 3312 2212 3393 δίθρονον
2257 3310 2486 3391 κράτος.
2540 3310 2837 3384 Ἑλλάδος
2883 3308 3065 3389 ἥβας,

1450 3426 1713 3506 Σφίγγα
1757 3426 2114 3504 δυσαμεριέἱν
2163 3423 2441 3504 πρύτανιν
2486 3422 2635 3487 κύνα
2679 3423 2906 3500 πέμπει

1450 3535 1552 3612 ξὺν
1599 3536 1713 3618 δορὶ
1763 3536 1866 3602 καὶ
1913 3537 2050 3618 χερὶ
2098 3535 2372 3618 προὶκτορι
2420 3536 2623 3617 θούριος
2667 3536 2809 3617 ὄρνις

1448 3659 1635 3732 κυρεῖν
1680 3653 2014 3733 παρασχὼν
2061 3651 2318 3729 ἰταμαῖς
2365 3649 2536 3715 κυσὶν
2581 3650 2939 3732 ἀεροφοίτοις

1442 3768 1508 3831 τὸ
1554 3764 1862 3844 συγκλινές
1900 3765 1958 3828 τ’
2008 3763 2102 3830 ἐπ’
2159 3762 2393 3830 Αἴαντι.

954 3878 1372 3944 Festivissime
1421 3879 1586 3943 ridet
1625 3878 2078 3964 Aristophanes
2120 3884 2467 3942 contortam
2510 3898 2693 3962 saepe
2733 3883 2798 3940 et
2820 3876 3007 3941 nimis
3032 3900 3119 3941 ar·

853 3995 1180 4060 tificiosam
1221 3993 1487 4079 ideoque
1525 3994 1852 4059 obscuram
1895 3994 2239 4057 orationem
2282 3990 2580 4076 Aeschyli
2608 3991 2915 4075 (quamvis
2939 3990 3115 4055 allati

858 4131 934 4172 ex
993 4108 1114 4193 Ag.
1165 4130 1383 4173 versus
1428 4109 1576 4172 satis
1621 4107 1935 4194 perspicui
1983 4106 2159 4190 sint),
2209 4105 2344 4169 eius
2391 4102 2580 4167 verba
2627 4104 3009 4188 detorquens
3060 4110 3124 4167 et

853 4221 1149 4287 dissectas
1205 4229 1416 4308 partes
1480 4221 1771 4286 carminis
1832 4219 2127 4286 disiciens
2173 4217 2441 4302 aliisque
2486 4216 2865 4303 permiscens
2911 4217 3002 4280 ita
3045 4224 3122 4280 ut

860 4335 1061 4401 omnis
1112 4358 1264 4401 sana
1304 4343 1630 4402 evanescat
1666 4335 1978 4400 sententia
2012 4338 2077 4398 et
2113 4332 2275 4398 nihil
2308 4332 2427 4397 nisi
2452 4329 2912 4417 sesquipedalia
2934 4327 3122 4395 verba

852 4447 1324 4533 relinquantur.
1395 4449 1575 4532 Quae
1632 4456 1843 4514 tamen
1888 4449 2156 4534 speciem
2205 4446 2542 4531 quamdam
2591 4450 2785 4529 atque
2833 4441 3120 4508 umbram

854 4566 1200 4629 sententiae
1260 4564 1549 4646 habeant,
1607 4566 1696 4629 ita
1750 4572 1826 4630 ut
1885 4572 1950 4629 et
2007 4570 2391 4650 postremum
2437 4562 2505 4626 τὸ
2551 4557 2864 4638 συγκλινές
2916 4558 2973 4622 τ’
3023 4558 3119 4624 ἐπ’
