3875 5634
887 732 1012 793 152
1855 748 2089 793 nanas.

836 918 1069 996 ἄμεινον
1134 917 1168 993 ἣ
1233 919 1337 1000 πρὸ
1399 923 1500 983 τοῦ
1563 918 1900 1002 detorquet
1962 917 2221 1004 perinde
2285 917 2464 1000 quasi
2524 917 2590 980 in
2637 915 2976 1001 tragoediis
3023 915 3101 981 de

840 1034 1062 1098 catinis
1109 1041 1173 1097 et
1210 1034 1289 1097 de
1333 1032 1487 1097 allio
1527 1033 1776 1119 egisset.

929 1147 1253 1211 Permulta
1318 1148 1441 1212 iam
1507 1146 1584 1211 de
1631 1147 1843 1211 indole
1889 1168 2145 1233 poeseos
2192 1144 2568 1230 Euripideae
2615 1168 2651 1208 a
2695 1144 2845 1209 viris
2891 1145 3095 1210 doctis

838 1260 1081 1346 prolata
1141 1269 1312 1335 sunt,
1377 1260 1454 1325 cf.
1521 1259 1909 1346 Bernhardy,
1976 1260 2085 1325 Gr.
2149 1259 2244 1324 lit.
2296 1258 2366 1323 ΙΙ
2410 1281 2472 1345 p.
2525 1259 2651 1322 388
2701 1281 2835 1344 sqq.
2884 1257 3101 1323 Unum

839 1397 981 1440 vero
1039 1376 1266 1441 addere
1322 1376 1540 1440 liceat:
1591 1374 2078 1461 Aristophanem
2131 1374 2250 1439 hoc
2289 1373 2423 1438 loco
2467 1371 2545 1437 de
2590 1372 2800 1438 indole
2848 1396 3102 1460 poeseos

838 1487 1217 1575 Euripideae
1289 1498 1354 1554 et
1416 1491 1495 1555 de
1557 1490 1880 1575 tragoedia
1942 1490 2005 1554 in
2072 1489 2363 1554 universo
2423 1510 2766 1575 perperam,
2817 1474 2893 1552 ut
2938 1488 3092 1553 mihi

835 1602 1103 1682 videtur,
1152 1604 1484 1669 iudicasse.

922 1718 1320 1783 Assentimur
1389 1719 1447 1783 ei
1508 1718 1824 1803 tragicum
1892 1717 2279 1803 vituperanti
2345 1716 2453 1801 qui
2516 1715 2732 1781 heroes
2797 1737 3101 1800 regesque

836 1830 1207 1896 disserentes
1276 1831 1429 1897 facit
1497 1832 1576 1898 de
1637 1832 1889 1918 placitis
1951 1831 2391 1918 philosophicis
2460 1837 2526 1896 et
2572 1830 2648 1895 de
2697 1829 2885 1896 rebus
2933 1832 3099 1896 vitae

835 1946 1229 2024 domesticae,
1278 1947 1387 2012 sed
1434 1947 1561 2010 alia
1605 1969 1719 2011 nos
1764 1954 1977 2011 movet
2023 1968 2227 2023 causa,
2276 1946 2397 2009 alia
2447 1944 2953 2031 Aristophanem.

920 2061 1048 2125 Nos
1108 2060 1370 2125 offendit
1429 2060 1824 2147 Euripidem,
1874 2060 2289 2125 ratiocinandi
2339 2059 2550 2124 studio
2598 2057 2881 2136 ductum,
2931 2058 3101 2123 thea-

837 2180 1006 2238 trum
1069 2182 1313 2239 mutare
1374 2175 1438 2239 in
1504 2174 1784 2240 scholam
1844 2174 2334 2261 philosophicam
2400 2182 2464 2239 et
2523 2180 2651 2237 tam
2698 2195 2920 2259 parum
2968 2195 3102 2259 per-

835 2310 1124 2352 sonarum
1186 2288 1291 2362 ἥθη
1359 2311 1577 2354 curare
1639 2299 1732 2369 ut,
1794 2290 1845 2353 si
1909 2287 2197 2353 Medeam
2259 2296 2323 2353 et
2371 2287 2754 2352 Alcestidem
2804 2288 3098 2373 excipiaS,

837 2424 1180 2489 perpaucae
1248 2403 1315 2467 in
1386 2405 1524 2468 eius
1594 2401 1821 2468 fabulis
1891 2402 2304 2489 reperiantur,
2376 2423 2536 2486 quae
2594 2424 2811 2467 revera
2858 2402 3100 2466 animos

835 2523 1078 2581 nostros
1140 2524 1466 2597 moveant3
1531 2519 1987 2600 Aristophanem
2048 2538 2211 2595 vero,
2267 2514 2635 2601 Euripidem
2696 2514 2810 2579 hac
2870 2514 3096 2601 agendi

836 2631 1074 2695 ratione
1123 2631 1201 2695 de
1246 2631 1608 2716 tragoediae
1657 2632 1984 2694 maiestate
2031 2628 2273 2713 aliquid
2318 2627 2661 2694 detrahere.

925 2746 1110 2809 Nobis
1155 2745 1446 2831 displicet
1486 2768 1661 2830 reges
1708 2753 1773 2809 et
1822 2744 2038 2809 heroes
2085 2745 2150 2808 in
2195 2765 2442 2808 scenam
2490 2743 2737 2828 prodire
2787 2750 2863 2808 ut
2907 2743 3093 2808 ratio-

835 2859 1122 2923 cinentur
1190 2866 1252 2923 et
1311 2860 1644 2945 disputent
1657 2886 1675 2937 3
1740 2860 2130 2942 Aristophani
2195 2880 2358 2935 vero,
2426 2857 2669 2922 eosdem
2733 2857 2801 2922 in
2848 2879 3094 2923 scenam

831 2972 1079 3057 prodire
1127 2981 1200 3036 ut
1245 2974 1575 3058 disputent
1620 2972 1697 3037 de
1743 2971 1929 3037 rebus
1978 2972 2187 3036 minus
2235 2970 2633 3036 sublimibus.

924 3085 1126 3151 Nobis
1172 3085 1250 3150 ob
1291 3086 1550 3152 eandem
1594 3109 1782 3171 quam
1832 3087 2106 3151 diximus
2145 3108 2388 3150 causam
2413 3109 2541 3151 non
2568 3107 2943 3171 magnopere
2967 3085 3095 3172 pla-

836 3197 1071 3264 cebunt
1126 3200 1589 3285 disputationes
1653 3199 1998 3278 Minervae,
2065 3199 2377 3285 Apollinis
2425 3208 2491 3264 et
2535 3200 2711 3265 chori
2758 3199 3092 3265 Furiarum

833 3313 899 3378 in
962 3313 1254 3398 Aeschyli
1316 3313 1797 3392 EumenidibuS,
1858 3311 2083 3378 Teucri
2128 3319 2193 3377 et
2238 3312 2604 3378 Atridarum
2654 3313 2720 3378 in
2768 3312 3094 3399 Sophoclis

833 3425 1041 3490 Aiace.
1109 3427 1566 3512 Aristophanes
1626 3449 1774 3491 vero
1822 3426 1934 3490 has
1981 3448 2107 3491 non
2154 3426 2339 3491 modo
2385 3448 2512 3490 non
2559 3426 2775 3511 tetigit
2820 3425 2928 3491 sed
2973 3425 3091 3491 nisi

831 3541 1038 3603 omnia
1105 3564 1204 3605 me
1275 3541 1528 3620 fallunt,
1592 3542 1643 3605 si
1707 3541 2020 3605 sententia
2081 3540 2332 3605 ferenda
2388 3540 2631 3618 fuisset,
2682 3540 2940 3605 minime
2985 3540 3097 3604 im-

833 3653 1172 3739 probasset.

919 3768 1234 3832 Audimus
1302 3768 1579 3854 denique
1648 3769 2133 3854 Aristophanem
2205 3777 2269 3833 et
2332 3791 2476 3833 cum
2539 3791 2611 3833 eo
2672 3769 2937 3834 facimus
2982 3768 3093 3833 ubi
3162 3831 3171 3841 ,

831 3883 1138 3965 signifieat
1183 3905 1326 3947 vera
1373 3884 1529 3947 artis
1575 3884 1955 3948 dramaticae
2002 3884 2101 3947 via
2144 3881 2271 3947 labi
2308 3884 2616 3967 tragicum
2658 3884 2768 3967 qui
2807 3881 2926 3947 sibi
2961 3905 3096 3969 pro-

833 4005 1026 4083 ponat
1072 3996 1352 4061 homines
1398 3998 1489 4061 ita
1535 3997 1780 4062 afficere
1829 4006 1904 4062 ut
1952 3997 2196 4061 discant
2240 3997 2353 4069 τὰς
2400 3997 2579 4069 οἰκίαις
2627 3998 2799 4062 οἰκεῖν
2835 3996 3094 4076 ἄμεινον,

826 4133 1042 4175 verum
1108 4134 1234 4176 non
1300 4134 1446 4176 cum
1512 4134 1584 4176 eo
1648 4119 1899 4197 poetam
1945 4111 2278 4176 laudamus
2323 4112 2432 4195 qui
2479 4134 2543 4176 se
2591 4134 2837 4175 summa
2882 4118 3095 4197 petere

830 4233 1078 4289 censeat
1128 4226 1179 4289 si
1245 4248 1320 4290 eo
1376 4226 1596 4290 tendat
1644 4233 1719 4289 ut
1765 4226 1928 4291 cives
1976 4226 2261 4289 fortiores
2310 4224 2549 4302 reddat,
2596 4247 2684 4287 vs.
2738 4227 2909 4289 1008
2959 4246 3092 4309 sqq.

921 4337 1130 4402 Habet
1176 4341 1433 4404 omnino
1481 4362 1617 4404 eam
1664 4340 1785 4403 vim
1837 4340 2102 4425 pulchra
2143 4339 2462 4423 tragoedia
2503 4346 2692 4422 atque
2719 4361 2899 4403 omne
2922 4337 3090 4422 quod

817 4452 1155 4536 pulchrum
1219 4460 1334 4533 est,
1383 4462 1459 4517 ut
1507 4476 1726 4518 eorum
1773 4454 1883 4538 qui
1932 4453 2188 4518 videant
2234 4461 2346 4517 aut
2389 4451 2651 4518 audiant
2699 4452 3087 4517 humanitati

824 4566 1069 4645 serviat,
1120 4590 1306 4632 omne
1353 4569 1524 4653 quod
1572 4569 1699 4632 vile
1746 4576 1840 4633 est
1885 4591 1958 4633 ac
2004 4566 2323 4634 sordidum
2370 4569 2718 4654 impugnet,
2758 4567 3089 4632 hominurn
