3875 5634
834 768 916 830 12
1673 785 2144 831 acuar-nusae.

1275 954 1421 1017 πίνει
1446 952 1753 1031 ’μελαίνης
1799 953 2019 1035 μητρός
2066 952 2304 1034 εὔζωρον
2350 951 2532 1031 μέθυ,

1272 1065 1377 1139 ἕως
1431 1065 1705 1148 &epuns
1753 1068 1932 1132 αὐτὸν
1979 1066 2328 1147 ἐμφιβέἑσα
2375 1060 2542 1147 Φλόξ

1020 1255 1027 1261 ι
1272 1178 1432 1245 οἴνου.

873 1292 1137 1379 Phrygis
1184 1294 1475 1359 monodia
1521 1296 1587 1359 in
1635 1296 1859 1360 Oreste
1906 1296 2232 1360 notissima
2280 1301 2376 1358 est
2422 1302 2488 1357 et
2535 1293 2760 1379 passim
2807 1294 2874 1358 in
2920 1302 3043 1358 tra-

783 1407 1021 1493 goediis
1057 1408 1144 1472 ita
1185 1408 1371 1473 verba
1410 1410 1652 1475 faciunt
1692 1411 1851 1474 servi
1893 1418 1969 1476 ut
2007 1409 2258 1474 nullum
2301 1409 2469 1473 inter
2494 1431 2710 1473 eorum
2737 1415 3041 1493 etregum

781 1543 1093 1585 sermones
1160 1521 1428 1603 intersit,
1471 1523 1585 1587 ’ita
1654 1530 1729 1586 ut
1796 1523 2080 1588 omnium
2150 1523 2376 1587 horum
2447 1543 2805 1586 sermonum
2871 1542 3076 1593 unus,

784 1633 1073 1719 idemque
1121 1636 1204 1700 sit
1249 1635 1435 1700 color.
1486 1635 1673 1717 Quod
1713 1637 1846 1702 sine
1882 1636 2079 1701 dubio
2116 1638 2339 1702 nocuit
2377 1635 2626 1700 veritati
2656 1634 3043 1700 'dramaticae

785 1755 850 1813 et
894 1771 930 1812 a
991 1770 1374 1814 summorum
1435 1750 1794 1837 posterioris
1856 1752 1990 1816 aevi
2057 1760 2386 1838 poetarum
2447 1772 2503 1813 ν.
2569 1772 2621 1813 c.
2687 1748 3042 1835 Shaksperii

784 1862 1080 1928 dramatis
1127 1863 1402 1929 alienum
1453 1875 1566 1930 est.
1619 1865 1831 1930 Altius
1876 1888 2131 1951 quoque
2177 1865 2543 1952 petiverunt
2590 1863 2932 1950 Aeschylus
2977 1864 3043 1929 in

786 1980 1253 2062 Agamemnone
1292 2003 1380 2045 vs.
1425 1983 1456 2044 1
1502 2001 1632 2064 sqq.
1675 1988 1740 2045 et
1778 1980 2118 2068 Sophocles
2155 1981 2219 2045 in
2260 1981 2580 2065 Antigone
2619 2003 2706 2043 vs.
2750 1981 2876 2043 223
2912 2001 3042 2064 sqq.

790 2090 896 2156 ubi
959 2091 1264 2158 satellites
1331 2091 1863 2179 Clytaemnestrae
1916 2103 1982 2159 et
2032 2093 2319 2159 Creontis
2367 2094 2498 2159 suis
2543 2088 2748 2159 verbis
2795 2102 3053 2159 narrant

785 2228 948 2290 quae
997 2205 1285 2287 viderint,
1334 2209 1637 2292 quamvis,
1687 2232 1766 2274 ne
1804 2210 2026 2274 iniusti
2069 2210 2265 2275 simus
2305 2231 2452 2293 erga
2489 2207 2876 2294 Euripidem,
2917 2231 3045 2274 non

784 2320 1381 2407 praetermittendus
1444 2331 1539 2387 est
1597 2323 1861 2387 nuntius
1918 2323 1986 2388 in
2048 2322 2378 2388 Persarum
2425 2346 2513 2387 νε.
2564 2324 2693 2386 858
2739 2345 2873 2408 sqq.
2921 2321 3049 2387 No-

786 2433 1083 2500 bilissima
1129 2435 1295 2499 enim
1342 2445 1407 2500 et
1452 2436 1869 2523 pulcherrima
1917 2438 2194 2502 narratio
2232 2459 2485 2524 pugnae
2527 2437 2900 2512 Salaminiae
2921 2460 3045 2503 non

702 2548 709 2555 “
786 2546 1013 2612 Persae
1073 2556 1166 2612 est
1217 2571 1418 2633 neque
1477 2551 1688 2616 nuntii
1749 2552 1855 2616 sed
1901 2552 2056 2616 civis
2107 2551 2514 2616 Atheniensis
2557 2550 2796 2638 patriae
2842 2574 3049 2617 aman-

787 2661 1030 2741 tissimi,
1078 2662 1274 2749 ipsius
1323 2663 1636 2749 Aeschyli.

789 2884 898 2950 Vs.
949 2877 1113 2948 410.
1709 2892 1772 2956 τί
1795 2891 2110 2966 ,λέλακαςς

884 3009 1112 3066 Λακεῒν
1178 3025 1305 3067 non
1375 3012 1469 3068 est
1535 3005 1933 3069 comicorum.
2007 3006 2200 3069 Amat
2268 3003 2334 3068 id
2400 3003 2655 3068 verbum
2717 3004 3050 3091 Euripides

792 3111 988 3201 Hipp.
1056 3118 1158 3196 55,
1224 3115 1334 3181 Or.
1402 3118 1549 3196 162,
1612 3119 1769 3182 Hec.
1837 3120 1987 3197 678,
2054 3121 2247 3199 1110,
2310 3117 2410 3183 El.
2466 3120 2635 3182 1213
2685 3125 2750 3183 et
2796 3120 3046 3204 passim.

799 3227 1014 3293 Utitur
1051 3252 1123 3293 eo
1163 3230 1617 3317 Aristophanes
1652 3232 1717 3296 in
1753 3231 2010 3318 parodia
2049 3240 2165 3297 aut
2199 3232 2673 3320 paratragoedia
2711 3232 2855 3298 Pac.
2900 3235 3047 3314 880,

794 3345 944 3420 881,
995 3344 1143 3424 888,
1192 3343 1349 3409 Ran.
1398 3346 1477 3409 97
1529 3353 1593 3409 et
1641 3347 1817 3411 Plut.
1870 3348 1974 3410 89.

879 3455 954 3521 In
1001 3456 1317 3543 colloquio
1363 3458 1822 3547 Dicaeopolidis
1869 3469 1935 3525 et
1981 3458 2309 3546 Euripidis
2356 3460 2461 3524 hic
2508 3461 2881 3545 plerumque
2932 3448 3053 3526 ser·

790 3591 973 3633 mone
1020 3592 1146 3635 non
1194 3579 1394 3636 metro
1440 3574 1677 3659 tragico
1723 3574 1952 3638 utitur.
2006 3597 2063 3638 v.
2090 3597 2144 3639 c.
2194 3574 2278 3638 τοὶ
2323 3580 2471 3639 ποῖα
2520 3572 2711 3655 τρύχη
2759 3596 2849 3639 νε.
2898 3576 3048 3653 418,

790 3681 1129 3760 δύσποτμος
1190 3680 1417 3765 γεραιόξ
1475 3708 1562 3750 νε.
1627 3689 1779 3765 419,
1842 3687 2107 3760 λακίδας
2168 3686 2413 3751 πέπλων
2471 3709 2560 3750 νε.
2611 3689 2760 3765 423,
2807 3688 3051 3761 δυσπινῆ

789 3797 1177 3875 πεπλώματα
1224 3820 1309 3862 νε.
1360 3802 1509 3863 426.
1558 3798 1654 3864 De
1702 3799 1844 3865 aliis
1893 3809 2114 3887 postea
2162 3797 2535 3866 videbimus.

788 4019 896 4088 Vs,
948 4012 1112 4083 412·
1519 4027 1602 4091 τοὶ
1647 4027 1795 4108 ῥάκι’
1848 4030 1914 4093 ἐκ
1961 4027 2313 4110 τραγῳδίας.

878 4138 1117 4203 Acerbe
1186 4139 1554 4225 perstringit
1613 4139 1986 4226 Euripidem
2049 4141 2220 4226 quod
2280 4163 2458 4225 reges
2519 4141 2620 4206 hic
2683 4142 2749 4205 in
2808 4162 3050 4205 scenam

781 4250 1119 4315 induxerat
1162 4251 1477 4318 mendicos
1525 4277 1596 4318 ac
1643 4254 1901 4319 claudos
1949 4254 2050 4339 (cf.
2102 4254 2261 4319 Ran.
2317 4257 2467 4335 842,
2521 4256 2738 4336 1063),
2788 4262 2854 4318 et
2900 4254 3055 4318 lace·

785 4367 871 4431 ris
916 4366 1194 4449 vestibus
1240 4368 1519 4435 indutos.

876 4479 941 4544 Si
981 4481 1388 4567 Aristophani
1427 4483 1758 4565 credimus,
1799 4481 1925 4548 vid.
1967 4483 2128 4548 Ran.
2178 4484 2371 4563 1068,
2415 4482 2508 4547 ita
2549 4482 2680 4571 egit
2721 4481 3055 4568 Euripides

780 4590 849 4656 ἵν’
896 4593 1096 4661 ἐλεινοὶ
1143 4601 1267 4668 τοῖς
1314 4595 1638 4678 ἀνθρώποις
1683 4598 1974 4680 φαίνοιντ’
2023 4592 2188 4677 εἶναι,
2252 4604 2317 4660 et
2377 4596 2499 4660 hoc
2560 4597 2614 4660 si
2676 4619 2893 4660 verum
2938 4604 3054 4662 est,
