3875 5634
904 748 907 751 ·
924 727 949 788 l
966 727 1048 788 23
1639 741 2350 788 ‘raesuornomazusam

874 909 1191 990 „lassen.”
1263 909 1436 993 Quid
1505 911 1677 975 enim
1738 909 1950 975 obstat
2009 909 2348 995 quominus
2406 916 2756 974 statuamus
2821 907 3118 974 Perseum

880 1023 1292 1111 (Euripidem)
1342 1024 1492 1090 haec
1538 1026 1825 1089 locutum
1866 1047 1997 1088 esse
2033 1023 2345 1089 volantem
2384 1024 2451 1089 in
2493 1029 2653 1102 aere,
2695 1022 2772 1088 cf.
2801 1045 2894 1089 vs.
2923 1021 3144 1089 1014?

879 1135 1046 1202 Vera
1105 1145 1316 1204 tamen
1378 1146 1473 1203 est
1529 1138 1737 1203 Beerii
1800 1138 2121 1204 conclusio
2168 1146 2231 1203 et
2276 1136 2355 1203 ob
2404 1138 2528 1203 alia
2575 1159 2738 1222 quae
2783 1137 3006 1203 attulit
3053 1161 3146 1204 ar·

878 1260 1176 1337 gumenta
1243 1262 1308 1318 et
1378 1253 1527 1338 quia
1596 1252 1887 1339 parodiae
1961 1252 2157 1318 indoli
2220 1274 2566 1338 congruum
2630 1260 2725 1317 est
2786 1251 2864 1317 ab
2913 1275 2987 1318 eo
3030 1253 3142 1337 qui

880 1365 1345 1432 Andromedam
1391 1372 1558 1451 agat,
1609 1367 1650 1432 i.
1677 1390 1731 1431 e.
1781 1389 1818 1431 a
1858 1366 2268 1448 Mnesilocho,
2311 1366 2748 1431 Andromedae
2786 1365 2972 1432 verba
2994 1366 3144 1432 reci·

875 1480 1017 1544 tari.
1081 1480 1228 1544 Non
1289 1480 1489 1566 igitur
1553 1503 1803 1546 necesse
1866 1486 1960 1545 est
2006 1480 2320 1559 ἀπέλθοιμι
2366 1480 2431 1544 in
2479 1480 2782 1559 ὑπέλθοιμι
2830 1480 3141 1568 (Bentley)

878 1601 991 1658 aut
1034 1593 1332 1673 ἐπέλθοιμι
1379 1594 1679 1680 (Brunck)
1726 1601 1994 1660 mutare.
2045 1593 2137 1660 Cf.
2188 1618 2275 1660 vs.
2326 1597 2515 1659 1206.

967 1707 1127 1773 Vide
1173 1731 1299 1794 qua
1344 1716 1479 1774 arte
1527 1708 1735 1774 omnia
1783 1708 2121 1774 detorserit
2166 1708 2458 1774 comicus.
2507 1705 2733 1773 Verbis
2770 1709 2950 1789 φίλαι
2987 1732 3138 1791 παρ-

878 1821 1014 1887 θὲνοι
1058 1820 1484 1888 Mnesilochus
1531 1821 1831 1887 mulieres
1878 1822 2247 1906 alloquitur,
2290 1844 2450 1907 quae
2490 1843 2694 1907 neque
2734 1823 2913 1904 φίλαι
2935 1845 3141 1909 neque

876 1936 1134 2017 παρθένοι
1180 1943 1379 2017 erant,
1429 1944 1495 2000 et
1540 1936 1815 2024 nympha
1864 1936 1898 2011 ἦ
1947 1938 2007 2002 ἕν
2051 1936 2273 2018 ἄντροις·
2320 1959 2508 2022 quam
2554 1935 2833 2023 appellat
2864 1945 2962 2002 est
2999 1937 3141 2025 Scy·

870 2049 1004 2120 tha.
1051 2050 1358 2136 nymphae
1404 2074 1530 2116 non
1578 2050 1917 2116 admodum
1966 2051 2207 2132 similis,
2256 2052 2365 2137 qui
2413 2049 2600 2133 ἄντρα
2648 2074 2776 2117 non
2814 2051 3139 2118 habitabat

873 2164 978 2228 sed
1025 2164 1282 2230 domum
1329 2165 1660 2230 introierat
1705 2171 1779 2229 ut
1825 2172 2094 2229 stoream
2141 2164 2258 2229 sibi
2305 2171 2569 2252 peteret.
2622 2163 2830 2247 Quam
2875 2164 2955 2231 ob
3003 2188 3137 2232 rem

870 2278 1057 2344 miror
1118 2277 1496 2343 Fritschium
1558 2280 1907 2365 scripsisse:
1971 2330 2010 2358 „
2035 2282 2120 2344 At
2165 2281 2479 2364 quomodo
2531 2280 2788 2346 tandem
2840 2281 3131 2367 Scytham

868 2391 1026 2471 „his
1071 2399 1276 2479 potest
1319 2392 1524 2458 verbis
1569 2393 1966 2479 compellare,
2014 2394 2082 2458 σὲ
2127 2392 2239 2457 ταν
2286 2395 2345 2458 ἐν
2390 2392 2660 2475 dvi-poce?
2709 2393 2884 2459 Num
2937 2394 3136 2481 igitur

868 2505 1193 2585 „foemina
1259 2514 1397 2571 erat
1465 2508 1851 2571 miserrimus
1920 2506 2242 2585 lictorum,
2312 2529 2467 2572 num
2527 2506 2800 2592 denique
2867 2515 3125 2572 antrum

870 2620 1033 2700 „ille
1061 2672 1076 2687 .
1105 2670 1120 2685 .
1149 2669 1164 2684 .
1193 2670 1208 2685 .
1258 2619 1659 2686 incolebat?''
1705 2619 2109 2687 Femininum
2162 2621 2274 2686 ταν
2320 2622 2577 2686 minime
2619 2620 2846 2686 obstat.
2887 2621 3123 2687 Eodem

870 2733 1053 2799 modo
1098 2758 1185 2801 vs.
1237 2737 1403 2799 1031
1455 2735 1532 2800 de
1580 2758 1645 2800 se
1693 2736 1827 2822 ipso
1876 2735 2334 2800 Mnesilochus:
2384 2734 2586 2810 ἕστηκ’
2634 2733 2884 2815 ἔχουσα.

872 2958 979 3025 Vs.
1031 2952 1242 3023 1022.
1315 2959 1578 3032 ἄνοικτος
1626 2957 1686 3033 ὅς
1732 2959 1801 3038 μ’
1850 2958 2022 3033 ἔδησε
2068 2959 2163 3024 τὸν

1316 3074 1837 3139 πολυστονώτατον
1883 3072 2121 3153 βροτῶν.

1049 3187 1252 3253 Schol.
1314 3188 1478 3270 παρα
1523 3189 1589 3252 τὸ
1634 3192 1738 3252 τοῦ
1777 3185 1954 3268 χόρου
1999 3188 2058 3250 ἐν
2104 3184 2490 3268 Ἀνδρομέδᾳ.
2541 3182 2643 3249 Fr.
2699 3187 2846 3250 120.

1287 3302 1575 3396 ,ἄνοικτος
1619 3299 1681 3375 ὃς
1726 3302 1908 3365 τεκών
1955 3324 2023 3364 σε
2068 3299 2175 3374 τὴν

1313 3413 1814 3489 πολυπονωτατην
1864 3414 2086 3495 βροτῶν

1314 3531 1563 3607 μεθῆκεν
1611 3527 1802 3612 ’Ἄιδα
1849 3528 2083 3609 πάτρας
2133 3527 2472 3609 ὑπερθανεῖν.

865 3642 1095 3725 πάτρας
1144 3665 1256 3730 pro
1300 3644 1522 3725 πατρὸς
1569 3666 1711 3708 cum
1760 3641 2120 3707 Duentzero
2168 3648 2233 3705 et
2278 3640 2590 3706 Nauckio.
2643 3640 2793 3706 Non
2839 3641 3004 3706 enim
3054 3647 3130 3706 ut

864 3778 974 3840 pro
1040 3764 1218 3844 patre
1282 3765 1548 3822 mortem
1599 3755 1807 3820 obiret
1853 3754 2066 3820 bellua
2114 3756 2356 3820 marina
2400 3754 2645 3819 obiecta
2696 3762 2848 3836 erat,
2898 3754 3007 3819 sed
3054 3760 3129 3818 nt

864 3871 1128 3956 patriam
1190 3877 1465 3935 servaret
1511 3891 1672 3955 quae
1721 3876 1978 3955 propter
2025 3869 2239 3933 matris
2287 3866 2673 3954 Cassiopeiae
2723 3891 2868 3934 cum
2911 3867 3130 3934 Nerei·

862 3982 1046 4050 dibus
1106 3984 1184 4048 de
1245 3984 1443 4048 forma
1503 3991 1819 4047 certamen
1869 3981 2329 4047 devastabatur.
2384 3982 2663 4047 Fritscbe
2716 3984 2938 4065 ματρὸς
2988 4005 3127 4069 pro-

862 4099 1090 4183 posuit.
1164 4095 1343 4177 Quae
1403 4103 1783 4181 sequuntur,
1830 4093 1929 4160 ὅδε
1972 4096 2087 4177 γαρ
2132 4095 2158 4159 ὅ
2205 4096 2433 4169 Σκύθης
2480 4096 2626 4174 aea-5„
2673 4097 2806 4182 ipse
2856 4096 3127 4161 comicus

862 4210 1060 4275 finxit.
1123 4209 1316 4275 Tacet
1378 4212 1545 4275 enim
1605 4210 1973 4287 Scholiasta,
2020 4210 2129 4294 qui
2177 4210 2616 4295 praecedentes
2663 4232 2879 4275 versus
2926 4217 2991 4275 et
3035 4233 3121 4275 ae—

861 4332 1125 4408 quentes
1192 4346 1267 4390 ex
1337 4323 1740 4390 Andromeda
1808 4324 2041 4410 petitos
2100 4346 2230 4388 esse
2294 4330 2582 4388 accurate
2642 4323 2965 4389 indicavit.
3026 4322 3123 4388 De

857 4446 1056 4503 metro
1100 4439 1326 4504 horum
1374 4461 1670 4504 versuum
1716 4437 2103 4503 dissentiunt
2148 4437 2265 4503 viri
2312 4438 2501 4503 docti.
2547 4435 2713 4502 Vera
2747 4437 2908 4502 mihi
2951 4435 3122 4502 vide·

859 4558 966 4616 tur
1004 4553 1354 4618 Hei-manni
1393 4553 1775 4631 coniectura,
1817 4573 2009 4636 quam
2045 4552 2314 4617 correxit
2351 4550 2582 4637 Enger,
2625 4549 3116 4638 Aristophanem
