3875 5634
1777 742 2035 787 vassas.
2899 731 2980 794 53

1277 857 1292 886 Ι

782 909 859 973 de
921 908 1150 994 quibus
1211 909 1334 973 vid.
1397 907 1762 993 Bergkium,
1821 910 1896 974 fr.
1961 907 2142 974 Pind.
2213 911 2358 974 190.
2422 909 2733 978 Videntur
2795 921 3036 1000 praete-

786 1046 890 1088 rea
936 1023 1120 1088 verba
1176 1022 1589 1104 ἔχεις-πόρον
1638 1023 1820 1087 εἰπεῖν
1867 1045 1991 1087 non
2041 1023 2313 1109 ipsorum
2364 1047 2491 1089 esse
2541 1048 2877 1112 puerorum
2927 1029 3036 1094 sed

783 1137 1047 1203 alicuius
1093 1138 1333 1222 tragici.
1391 1135 1795 1201 substantivo
1843 1137 2011 1216 πόρος
2053 1136 2268 1202 eodem
2308 1138 2488 1203 modo
2529 1140 2733 1205 utitur
2771 1142 3036 1227 Aeschy-

782 1251 881 1315 lus
940 1259 1003 1315 et
1061 1250 1417 1338 saepissime
1480 1250 1837 1338 Euripides,
1908 1250 2072 1334 (Una
2133 1273 2276 1316 cum
2312 1253 2480 1325 ἐλπίς
2524 1254 2794 1318 occurrit
2841 1253 3027 1320 Herc.

783 1365 905 1430 fur.
957 1369 1038 1430 80
1089 1372 1187 1431 νῦν
1237 1361 1331 1431 οὖν
1376 1366 1483 1430 τίν’
1523 1363 1724 1436 ἐλπίδ’
1762 1364 1797 1438 ἢ
1836 1365 2005 1446 πόρον
2044 1366 2324 1446 σωτηρίας
2365 1364 2374 1451 Ι
2413 1363 2858 1452 ἐξευμαριζειςς)
2880 1367 3028 1434 Non

781 1486 1035 1561 temere,
1105 1481 1343 1566 opinor,
1409 1478 1675 1544 conicias
1719 1479 1906 1545 verba
1952 1478 2141 1544 allata
2190 1502 2262 1544 ex
2312 1480 2518 1545 eadem
2568 1482 2888 1565 tragoedia
2931 1482 3035 1547 de·

786 1594 984 1659 rivata
1053 1618 1184 1660 esse
1247 1618 1321 1659 ex
1383 1617 1508 1679 qua
1555 1617 1641 1659 vs.
1695 1597 1824 1659 312
1870 1617 2025 1679 sqq„
2075 1617 2108 1658 e
2157 1593 2391 1659 Theseo
2435 1595 2596 1674 dico,
2644 1604 2708 1660 et
2756 1596 3029 1682 profect-a

780 1732 907 1773 esse
951 1732 986 1774 a
1030 1710 1262 1796 pueriS,
1300 1708 1525 1773 Thesei
1567 1707 1920 1787 comitibus),
1962 1708 2040 1772 de
2079 1707 2282 1772 salute
2304 1731 2498 1795 paene
2521 1709 3026 1796 desperantibus3

778 1845 957 1907 porro
1007 1821 1246 1896 Ἕλλας
1292 1824 1400 1905 ἱρόν
1448 1829 1669 1909 natum
1715 1845 1846 1887 esse
1893 1845 1968 1887 ex
2015 1822 2228 1907 aliquo
2269 1822 2573 1888 adiectivo
2608 1824 2707 1888 vel
2747 1822 3033 1890 snbstan-

778 1936 905 2000 tivo
965 1937 1133 2021 quod
1188 1959 1332 2002 cum
1396 1937 1561 2018 πόρον
1619 1938 2026 2002 coniunctum
2071 1944 2232 2002 esset
2277 1936 2365 2002 ita
2409 1945 2485 2002 ut
2529 1939 2842 2003 sententia
2887 1961 3024 2004 eva-

779 2050 952 2115 deret
1004 2099 1044 2129 „
1063 2052 1219 2116 viam
1282 2054 1521 2132 salutm,
1580 2050 1853 2139 effuyir'‚’'
1910 2059 1975 2115 et
2033 2050 2111 2116 ab
2166 2051 2580 2136 Aristophane
2646 2054 2808 2133 παρὰ
2850 2076 3019 2134 προς-

778 2165 971 2229 δοκίοιν
1016 2165 1080 2229 in
1131 2164 1389 2230 Pindari
1441 2163 1681 2238 Ἕλλας
1728 2165 1835 2246 ἱρόν
1880 2165 2202 2230 detortum
2248 2166 2346 2230 sit.

866 2279 1009 2346 Nisi
1075 2280 1201 2344 tale
1270 2279 1425 2365 quid
1485 2281 1711 2345 accidit
1776 2279 1991 2344 comici
2057 2281 2230 2344 iocus
2291 2280 2648 2366 perineptus
2690 2287 2781 2345 est
2825 2288 3019 2366 atque

784 2394 1078 2459 insulsus.

779 2683 882 2746 Vs.
936 2675 1098 2745 312.
1218 2690 1293 2745 Π.
1346 2682 1408 2746 τί
1449 2706 1529 2759 με
1575 2681 1726 2755 δῆτ’,
1776 2675 1818 2743 ὦ
1864 2672 2057 2758 μὲλέοο
2106 2687 2306 2760 μῆτερ,
2355 2678 2610 2756 ἔτικτε-ῖς

1222 2805 1289 2859 Χ.
1342 2793 1411 2858 ἵν’
1460 2793 1591 2873 ἐμοὶ
1639 2794 1986 2875 πράγματα
2035 2792 2266 2871 βόσκειν
2311 2794 2598 2874 παρέχῃς.

1216 2919 1290 2974 Π.
1344 2908 1615 2983 ἀνόνητον
1660 2906 1751 2989 ἄρ’
1797 2901 1839 2970 ὦ
1887 2906 2152 2972 θυλάκιόν
2200 2908 2255 2971 α’
2303 2903 2460 2987 εἶχεν
2506 2907 2790 2986 ἄγαλμα.

1349 3023 1431 3095 ἐὴ.

1354 3136 1516 3218 ποὶροο
1563 3137 1666 3216 νῷν
1715 3133 2032 3214 στενάζειν.

860 3312 960 3376 Ad
1028 3335 1115 3376 vs.
1188 3314 1344 3405 313·
1381 3310 1723 3391 πράγματα
1784 3309 2018 3388 βόσκειν
2083 3308 2281 3373 Schol.
2333 3311 2406 3374 'O
2451 3308 2623 3388 λόγος
2671 3312 2736 3375 ἐκ
2783 3310 3021 3384 Θησέως

770 3427 1101 3507 Εὐριπίδου.
1151 3428 1279 3491 ἐκεῖ
1315 3427 1430 3506 ’γὰρ
1484 3431 1685 3490 ταῦτα
1724 3425 1992 3503 λέγουσιν
2033 3425 2081 3489 οἱ
2120 3425 2459 3503 ταττόμενοι
2499 3426 2713 3489 παῖδε
2736 3427 2815 3497 εἷς
2842 3425 3021 3506 βορὰν

770 3542 848 3619 τῷ
898 3540 1272 3620 Μινωταύρῳ.

858 3652 981 3717 Vix
1029 3651 1228 3717 credo,
1279 3651 1486 3718 Verba
1535 3650 1968 3732 ἵν’-παρέχῃς
2014 3634 2208 3738 patris
2252 3659 2396 3716 sunt
2445 3649 2617 3733 (Cob.
2659 3650 2803 3716 Var.
2840 3650 3014 3717 Lect.

765 3789 825 3851 p.
895 3768 1019 3849 17),
1069 3767 1322 3830 minime
1368 3766 1603 3851 tragica
1650 3765 1756 3830 sed
1805 3788 1836 3829 e
1883 3765 2047 3828 vitae
2096 3765 2492 3848 quotidianae
2542 3750 3013 3844 consuetudine,

767 3902 924 3963 quae
982 3902 1108 3964 quo
1154 3878 1410 3944 tandem
1456 3878 1638 3944 modo
1685 3902 1720 3943 a
1768 3878 2000 3965 pueriS‚
2049 3901 2206 3963 quos
2253 3878 2649 3943 Minotaurus
2696 3880 3020 3944 devoratu-

766 4015 874 4058 rus
938 4001 1118 4072 esset,
1179 3994 1439 4079 proferri
1498 3993 1840 4080 potuerint,
1902 4014 2028 4057 non
2074 3991 2273 4056 video.
2323 3991 2602 4056 Pertinet
2648 3994 2776 4056 sine
2823 3991 3019 4057 dubio

768 4106 1056 4172 Scholion
1116 4106 1192 4171 ad
1256 4108 1725 4193 praecedentem
1790 4129 2036 4172 versum
2101 4104 2481 4177 τί-ἔτικτες,
2551 4105 2845 4170 Eiusdem
2888 4112 3012 4169 tra·

766 4223 985 4308 goedia
1029 4221 1288 4310 parodia
1335 4223 1499 4286 inest
1547 4223 1751 4287 versui
1804 4224 1953 4286 314.
2005 4220 2210 4286 Schol.
2260 4221 2344 4284 sic
2382 4222 2616 4307 pergit:
2657 4222 2721 4285 τὸ
2760 4219 2822 4284 δὲ
2860 4216 3015 4295 ἑξῆς,

763 4341 827 4403 τὸ
871 4339 1143 4411 ἀνόνητον
1178 4337 1313 4418 ἄρα,
1352 4338 1699 4409 Ἰππόλυτός
1740 4339 1893 4402 ἐστιν
1934 4338 1961 4401 ὁ
2004 4338 2192 4416 λέγων
2233 4338 2357 4401 ἐκεῖ
2374 4385 2413 4414 ,,
2431 4337 2701 4409 ἀνόνητον
2725 4334 3014 4414 ἄγαλμα,

769 4451 971 4532 πάτερ.
1043 4450 1251 4552 οἴκοισι,
1295 4451 1536 4517 τεκών.”
1600 4450 1914 4535 Loquitur
1960 4452 2157 4535 igitur
2204 4473 2377 4536 puer,
2431 4458 2492 4514 et
2540 4450 2652 4515 hoc
2698 4449 2833 4515 loco
2874 4474 3010 4515 ver·

765 4587 899 4630 sum
976 4568 1105 4630 314
1164 4589 1362 4653 puero
1424 4566 1811 4632 reddendum
1873 4590 2003 4630 esse
2067 4567 2351 4650 querenti
2416 4566 2584 4650 quod
2632 4565 2747 4629 sibi
2797 4588 3014 4631 saccus
