3875 5634
1781 738 2070 800 murras.
2915 722 2997 786 35

807 918 913 985 Vs.
969 912 1177 983 1099.
1335 926 1794 1000 γερονταγωγεῖν
1835 916 2283 984 κάναπαιδεύειν
2330 918 2529 984 πάλιν.

807 1073 810 1076 ·
897 1033 1085 1098 Teste
1145 1031 1483 1097 Scholiasta
1543 1053 1577 1096 e
1637 1030 1825 1097 Peleo
1875 1030 2217 1118 Sophoclis,
2266 1031 2496 1096 Totum
2540 1031 2744 1096 locum
2786 1035 3048 1124 servavit

813 1145 1019 1211 Schol.
1068 1143 1241 1210 Nub.
1295 1145 1503 1210 1417:

1344 1257 1551 1332 Πηλέα
1593 1259 1689 1324 τὸν
1733 1257 2003 1324 Αἰάκειον
2053 1258 2292 1339 οἰκουρὸς
2336 1260 2482 1337 μόνη

1343 1375 1757 1452 γερονταγωγῶ
1803 1371 2220 1437 κάναπαιδεύω
2266 1371 2481 1437 πάλιν·

1348 1483 1527 1549 πάλιν
1572 1485 1687 1567 γὰρ
1733 1479 1897 1557 αὖθις
1950 1492 2102 1557 παῖς
2148 1485 2175 1549 ὁ
2221 1484 2529 1564 γηράσκων
2572 1484 2730 1567 άνήρ.

905 1598 1009 1663 Fr.
1072 1597 1264 1685 Soph.
1323 1600 1454 1662 444
1513 1596 1620 1684 N„
1685 1600 1816 1663 434
1877 1596 1959 1662 D.
2007 1594 2249 1663 Eodem
2291 1619 2479 1663 versu
2523 1596 2844 1685 Sophoclis
2888 1619 3042 1664 usus
3160 1592 3167 1600 ’

814 1719 912 1776 est
969 1719 1155 1799 poeta
1212 1711 1484 1776 comicus
1542 1734 1636 1797 ap.
1706 1710 1879 1776 Plut.
1927 1709 2061 1776 Vit.
2110 1710 2254 1775 Nic.
2305 1733 2357 1776 c.
2407 1714 2482 1776 2:
2527 1708 2740 1792 Ἴσχυε
2784 1712 2896 1791 μὲν
2938 1712 3054 1793 γὰρ
3082 1761 3101 1777 .

816 1826 844 1890 ὁ
892 1824 1090 1891 Κλέων
1136 1824 1305 1903 μέγα
1350 1829 1800 1905 γερονταγωγῶν
1844 1824 1982 1909 (τὸν
2017 1824 2203 1902 δῆμον
2246 1832 2323 1889 ut
2352 1825 2628 1909 apparet)
2654 1825 3052 1906 κάναμισθαρ-

814 1945 930 2002 νεῖν
975 1937 1180 2011 διδούς.
1231 1937 1410 2002 Idem
1455 1936 1624 2002 Plut.
1673 1937 1853 2025 Reip.
1900 1960 2029 2022 ger.
2080 1959 2281 2022 praec.
2325 1959 2377 2001 c.
2422 1938 2524 2001 13.
2563 1934 2886 2002 Praecedit
2924 1960 3055 2002 ver-

816 2073 924 2116 sus
986 2049 1422 2137 Aristophanis
1482 2049 1670 2136 Vesp.
1739 2051 1929 2114 1033.
2000 2049 2291 2115 Fortasse
2338 2050 2526 2115 etiam
2571 2049 3055 2131 κάναμισθαρνεῖν

815 2162 1002 2237 διδοὺς
1051 2163 1489 2250 Aristophanis
1534 2171 1649 2228 est.

818 2384 930 2450 Vs.
981 2378 1192 2448 1225.
1328 2386 1444 2464 ἐγὼ
1486 2384 1550 2450 δέ
1593 2409 1667 2450 τυ
1708 2382 2072 2467 ἐστεφάνιξα
2116 2384 2578 2466 κάδωρησάμαν.

908 2497 1115 2564 Schol.
1178 2505 1448 2577 μιμεῖται
1505 2499 1567 2564 δὲ
1624 2499 1759 2572 τοὺς
1817 2496 2066 2565 εἵλωτας
2125 2495 2268 2564 ὅταν
2313 2503 2649 2580 στεφανῶσι
2693 2499 2789 2563 τὸν
2838 2507 3038 2563 Ποσει·

817 2613 987 2677 δῶνα.
1038 2661 1078 2690 ,,
1097 2610 1373 2697 Respicit
1403 2611 1601 2697 ignoti
1633 2619 1853 2698 poetae
1893 2610 2109 2676 drama
2146 2610 2474 2677 Helotas.”
2517 2610 2706 2676 Dind.
2748 2614 2810 2677 in
2838 2618 3050 2678 annot.

822 2724 901 2790 ad
949 2724 1153 2790 Schol.
1200 2722 1293 2789 Of.
1340 2723 1539 2790 Kock.
1580 2746 1636 2789 a.
1689 2724 1752 2790 h.
1800 2725 1846 2790 l.

824 2948 931 3016 Vs.
986 2940 1195 3012 1232.
1246 2946 1341 3012 De
1384 2969 1499 3012 sua
1542 2947 1874 3034 desperans
1919 2948 2144 3026 salute,
2194 2953 2480 3013 metuens
2523 2969 2602 3011 ne
2646 2945 2830 3012 Demi
2854 2948 3054 3033 gratia

823 3061 1069 3129 excidat
1113 3059 1309 3126 Cleon
1352 3061 1719 3146 gravitatem
1764 3060 2120 3147 tragoediae
2157 3061 2464 3125 imitatur.
2506 3060 2886 3127 Notissimae
2911 3066 3060 3125 sunt

824 3175 1097 3262 tragicae
1175 3172 1597 3255 ἀναγνωρίσεις,
1681 3174 1899 3258 quales
1965 3175 2028 3238 in
2103 3171 2485 3260 Choephoris
2554 3173 2918 3260 Aeschylus,
2987 3174 3056 3238 in

824 3287 1070 3376 Oedipo
1125 3286 1411 3373 Tyranno
1472 3286 1827 3372 Sophocles,
1890 3287 1959 3351 in
2006 3286 2180 3366 Ione,
2232 3286 2495 3367 Helena,
2543 3286 2837 3374 Telepho,
2884 3286 3056 3373 Iphi·

826 3401 1013 3489 genia
1058 3400 1324 3465 Taurica
1365 3398 1716 3495 Euripides,
1764 3399 1834 3465 in
1878 3399 2020 3465 aliis
2066 3400 2360 3465 dramatis
2406 3400 2515 3465 alii
2558 3397 2916 3466 finxerunt.'
2937 3399 3086 3465 Lu··

826 3514 923 3581 dit
979 3511 1289 3579 imitando
1346 3513 1792 3599 Aristophanes
1840 3511 1947 3578 vel
1984 3513 2199 3599 potius
2243 3512 2534 3598 fingendo
2582 3513 2660 3578 ad
2707 3513 3057 3600 tragoediae

828 3627 1220 3715 exemplum3
1268 3647 1411 3692 cum
1456 3634 1667 3691 autem
1705 3624 1957 3691 Cleonis
2002 3626 2345 3691 orationem
2393 3625 2596 3692 verbis
2631 3626 2776 3691 hinc
2810 3626 2988 3692 illinc
3029 3652 3063 3692 e

826 3737 1149 3824 tragoedia
1202 3737 1418 3824 petitis
1476 3743 1675 3819 ornet,
1739 3737 2064 3823 demagogi
2109 3739 2484 3821 άναγνώρισιν
2534 3745 2746 3805 utrum
2793 3748 3062 3827 paratra-

828 3851 1051 3937 goedia
1115 3874 1196 3915 an
1255 3850 1509 3936 parodia
1565 3850 1934 3936 appellanda
1994 3851 2078 3915 sit
2136 3852 2466 3916 nescimus.
2527 3850 2662 3916 Iam
2721 3853 2932 3917 statim
2978 3853 3057 3919 ab

828 3965 1012 4031 initio
1060 3963 1389 4048 exquisitis
1432 3960 1634 4029 verbis'
1677 3947 1817 4028 ille}
2009 4054 2013 4058 ι

1235 4076 1335 4143 καὶ
1382 4076 1500 4154 μήν
1544 4077 1601 4140 σ’
1646 4073 1888 4155 ἐλέγξαι
1937 4076 2233 4155 βούλομαι
2279 4077 2583 4159 τεκμηρίῳ,

1228 4186 1286 4252 εἴ
1320 4212 1378 4253 τι
1422 4185 1692 4262 ξυνοίσεις
1735 4174 1841 4253 τοῦ
1888 4190 2012 4254 θεοῦ
2058 4195 2183 4261 τοῖς
2228 4190 2560 4283 θεσφάτοις.

1206 4290 1339 4366 ’καί
1376 4323 1478 4365 σου
1520 4305 1785 4366 τοσοῦτον
1831 4304 2051 4382 πρῶτον
2095 4300 2531 4381 ἐκπειράσομαι.

831 4436 1105 4503 quorum
1161 4418 1367 4499 neque
1425 4412 1839 4495 ἐκπειράσομαι
1882 4436 2087 4499 neque
2131 4410 2401 4490 ξυνοίσεις
2446 4421 2569 4487 τοῖς
2614 4416 2922 4499 θεσφάτοις
2968 4439 3061 4483 co-

831 4528 1141 4594 micorum
1187 4522 1360 4593 sunt.
