3875 5634
1787 735 2255 784 Acmnmsss.
3015 718 3099 782 13

895 904 1065 989 quod
1109 913 1321 972 tamen
1368 906 1508 972 iure
1555 906 1619 971 in
1668 905 1930 972 dubium
1977 906 2178 973 vocari
2217 913 2449 995 potest,
2496 929 2533 971 a
2577 928 2754 971 verae
2802 905 2957 971 artis
3001 905 3149 992 legi·

894 1019 1014 1085 bus
1059 1019 1398 1102 aberravit,-
1443 1020 1574 1100 sed,
1620 1020 1791 1106 quod
1835 1020 2194 1103 dolendum,
2245 1021 2465 1088 horum
2503 1020 2877 1102 dramatum,
2921 1018 3142 1102 Oenei,

894 1133 1245 1216 Phoenicia,
1306 1134 1716 1217 Philoctetae,
1777 1136 2294 1224 Bellerophontis,
2358 1134 2732 1218 Cressarum,
2779 1134 2959 1214 Inue,
3008 1135 3147 1201 nul·

894 1250 1028 1317 lum
1092 1258 1410 1318 servatum
1469 1254 1583 1331 est,
1650 1254 1740 1317 ita
1798 1260 1874 1318 ut
1931 1275 1965 1316 e
2012 1253 2196 1318 certis
2240 1251 2630 1318 documentis
2675 1250 2994 1318 iudicandi
3041 1273 3145 1337 op-

892 1366 1347 1451 portunitatem
1413 1389 1542 1433 non
1601 1366 1956 1432 habeamus.
2020 1364 2116 1432 De
2180 1388 2305 1431 uno
2348 1365 2623 1453 Telepho
2670 1364 2822 1431 satis
2870 1371 3139 1443 constat,

894 1480 1005 1566 qui
1072 1482 1138 1547 in
1201 1491 1402 1549 castra
1462 1481 1844 1549 Graecorum
1905 1482 2095 1564 venit,
2158 1532 2201 1562 ‚,
2221 1482 2561 1563 mendicus,
2627 1480 2915 1568 squalida
2979 1503 3147 1568 saep-

896 1605 1003 1662 tus
1049 1596 1274 1663 stola'’.

983 1710 1217 1777 Nostra
1276 1735 1419 1778 vero
1482 1722 1653 1779 aetas
1713 1712 1863 1778 talia
1920 1713 2159 1799 tragico
2205 1711 2461 1778 minime
2508 1711 2662 1779 vitio
2707 1713 2917 1793 vertit,
2965 1711 3148 1778 offen·

895 1823 1129 1890 debant
1187 1848 1331 1893 vero
1393 1827 1628 1894 multos
1675 1850 1750 1894 ex
1794 1824 2306 1907 Atheniensibus,
2355 1826 2466 1914 qui
2511 1826 2693 1894 hosce
2740 1825 2967 1893 veteris
3011 1826 3145 1893 aevi

893 1962 1071 2027 reges
1117 1948 1437 2026 tamquam
1485 1941 1703 2008 heroes
1748 1939 2206 2008 venerabantur
2252 1941 2350 2009 vel
2397 1939 2760 2008 metuebant
2805 1942 3017 2029 potius
3066 1965 3144 2007 ne

892 2054 1046 2140 quid
1093 2054 1389 2142 dignitati
1436 2057 1708 2143 tragicae
1751 2056 2182 2123 detraheretur
2226 2056 2279 2123 si
2326 2057 2419 2123 illi
2468 2057 2828 2124 mortalium
2876 2055 3130 2122 modum

891 2192 1016 2235 non
1054 2170 1443 2240 excederent.
1493 2170 1663 2252 Quid
1710 2194 1852 2237 vero
1899 2194 2023 2238 non
2071 2173 2547 2259 vituperassent,
2575 2170 2730 2257 quid
2754 2193 2879 2237 non
2905 2172 3140 2237 Aristo-

890 2285 1128 2372 phanes
1165 2286 1239 2367 si,
1280 2293 1356 2351 ut
1395 2309 1593 2352 unum
1633 2286 1880 2352 afferam
1915 2286 2287 2374 exemplum,
2329 2284 2686 2373 Shaksperii
2728 2308 2936 2372 regem
2978 2283 3139 2351 Lear

893 2401 958 2465 iu
1003 2423 1189 2466 scena
1234 2399 1643 2488 adspexisset!
1705 2401 1984 2467 Eandem
2028 2423 2217 2487 quam
2268 2404 2378 2468 Ar.
2423 2425 2552 2467 rem
2599 2400 2817 2486 tetigit
2866 2401 3139 2465 comicus

893 2513 1202 2581 Timocles
1246 2516 1310 2581 in
1364 2515 1841 2601 DionysiazusiS,
1892 2514 2086 2581 Mein.
2138 2514 2265 2581 111.
2316 2540 2378 2604 p.
2432 2519 2575 2582 593.

1248 2632 1380 2704 τοὺ,-
1426 2631 1538 2710 μὲν
1582 2629 1912 2712 τραγῳδοὺς
1959 2635 2198 2712 πρῶτον.
2245 2631 2293 2696 εἰ
2337 2631 2556 2711 βούλει,
2604 2628 2804 2695 σκόπει

1251 2747 1325 2817 ὡς
1371 2746 1665 2826 ὠφελοῦσι
1710 2745 1967 2818 πάντας·
2012 2746 2039 2810 ό
2084 2745 2194 2824 μὲν
2240 2746 2356 2826 γὰρ
2403 2744 2477 2809 ὧν
2523 2744 2703 2820 πένης

1249 2860 1617 2942 πτωχότερον
1661 2861 1840 2927 αὑτοῦ
1885 2859 2267 2940 καταμαθὼν
2310 2861 2408 2926 τὸν
2456 2860 2743 2941 Τήλεφον

1247 2974 1554 3054 γενόμενον
1597 2975 1706 3051 ἤδη
1753 2978 1859 3050 τὴν
1905 2975 2106 3041 πενίαν
2151 2979 2281 3058 ῥᾷον
2327 2975 2486 3057 φέρει
2534 2975 2656 3039 κτὲ.

906 3203 1005 3271 Vs.
1054 3195 1222 3266 430.
1560 3200 1663 3273 οἶδ’
1708 3205 1889 3289 ἄνδρα
1934 3209 2137 3273 Μυσὸν
2181 3206 2481 3288 Τήλεφον.

982 3319 1085 3385 Fr.
1139 3323 1173 3387 7
1182 3323 1287 3386 08.
1347 3319 1532 3387 Teste
1588 3321 2035 3409 Olympiodoro
2079 3347 2113 3388 e
2158 3320 2432 3408 Telepho
2477 3320 2816 3407 Euripidis.
2867 3318 3139 3385 Fallitur

895 3442 1104 3501 tamen
1173 3433 1658 3522 Olympiodorus
1725 3436 1835 3502 ubi
1895 3436 1973 3501 de
2035 3435 2236 3502 verbis
2297 3435 2580 3501 Platonis
2636 3435 2828 3522 Gorg.
2893 3456 2955 3520 p.
3020 3436 3143 3499 251

895 3550 942 3614 εἰ
1005 3548 1097 3617 σοὶ
1162 3549 1363 3616 Μυσόν
1424 3575 1499 3629 γε
1558 3548 1712 3624 ἥδιον
1772 3559 1978 3616 καλεῖν
2036 3550 2284 3616 scribit:
2333 3551 2367 3625 ἦ
2412 3551 2695 3632 παροιμία
2740 3547 2890 3624 αὕτη
2939 3551 3004 3615 ἐκ
3047 3553 3152 3615 τοῦ

896 3665 1183 3748 Τηλέφου
1229 3664 1390 3730 ἐστὶν
1438 3666 1650 3746 Εὑριπί
1659 3666 1773 3731 Bou.

897 3889 1004 3958 Vs,
1052 3884 1221 3955 435.
1394 3889 1436 3956 ὦ
1484 3898 1598 3959 Ζεῦ
1644 3893 1855 3960 διόπτα
1898 3893 2003 3959 καὶ
2051 3894 2327 3959 κατόπτα
2373 3900 2684 3974 πανταχῆ.

985 4004 1192 4072 Verba
1237 4008 1493 4092 tragica.
1541 4006 1688 4094 Ipsa
1733 4007 1998 4074 alicuius
2043 4007 2262 4093 tragici
2311 4003 2497 4073 verba
2540 4030 2671 4072 esse
2716 4008 2945 4072 statuit
2990 4005 3144 4071 Mei-

893 4120 1072 4200 neke,
1119 4119 1307 4186 vind.
1363 4124 1471 4186 Ar.
1522 4144 1584 4208 p.
1632 4127 1691 4200 3,
1736 4122 1814 4187 ad
1853 4123 2281 4189 testimonium
2321 4144 2547 4188 vocans
2583 4123 2943 4208 scriptorem
2970 4121 3135 4186 vitae

894 4235 1096 4317 Arati,
1146 4235 1257 4321 qui
1302 4235 1369 4300 in
1412 4236 1536 4301 fine
1582 4236 1735 4302 haec
1781 4246 2115 4303 memorat:
2165 4235 2250 4302 ὅτι
2295 4236 2399 4302 καὶ
2448 4237 2496 4302 οἱ
2532 4237 2770 4310 ποιηταὶ
2809 4221 3141 4311 πανόπτην,

892 4356 1138 4417 καλοῦσι
1184 4355 1532 4431 πανταχοῦ·
1579 4345 1621 4414 ὦ
1668 4356 1782 4416 Ζεῦ
1827 4351 2168 4417 παντόπτα·
2213 4350 2317 4416 καὶ
2358 4351 2543 4424 ἠέλιος
2581 4347 2643 4422 ὃς
2683 4349 2861 4416 πάντ’
2905 4350 3138 4432 ἐφορᾷς.

892 4487 1054 4551 quae
1097 4464 1390 4532 Meineke
1428 4466 1517 4531 sic
1554 4466 1865 4531 restituit:
1906 4464 1991 4530 ὅτι
2029 4464 2133 4530 καὶ
2172 4465 2220 4530 οἱ
2258 4463 2495 4539 ποιηταὶ
2534 4465 2842 4538 πανόπτην
2868 4468 3132 4529 καλοῦσι.

896 4576 939 4644 ὦ
987 4586 1101 4647 Ζεῦ
1148 4579 1434 4645 πανόπτα
1479 4578 1585 4645 καὶ
1630 4580 1909 4645 κατόπτα
1958 4583 2293 4660 πανταχοῦ.
