3875 5634
841 728 928 792 24
1701 750 2176 796 sommas.
2241 715 2245 719 ⁴

1200 912 1244 982 ὦ
1284 922 1468 982 πᾶσιν
1514 915 1840 998 ἀνθρώποις
1885 917 2096 1000 φανεὶς
2141 918 2318 983 κοινὸν
2363 916 2683 999 ὠφέλημα.

893 1056 1398 1122 Acharnensium
1439 1055 1576 1120 loco
1617 1054 1948 1121 verborum
1989 1048 2244 1141 quidem
2268 1054 2445 1121 nulla
2468 1060 2563 1119 est
2584 1054 2933 1120 similitudo
2954 1054 3062 1121 sed

806 1167 1020 1233 eadem
1069 1177 1164 1235 est
1209 1168 1541 1235 verborum
1590 1169 1869 1255 syntaxis
1907 1175 1972 1234 et
2011 1169 2207 1235 totius
2244 1191 2461 1234 versus
2484 1189 2694 1248 sonus,
2719 1176 2784 1233 et
2804 1190 3061 1255 prorsus

804 1280 968 1347 idem
1016 1282 1282 1348 interest
1328 1283 1495 1348 inter
1540 1282 2075 1370 Aristophaneum
2123 1304 2369 1349 versum
2414 1290 2481 1347 et
2524 1281 2943 1368 Aoechyleum
2988 1304 3062 1347 ac

804 1398 973 1462 inter
1016 1395 1528 1483 Dicaeopolidem
1574 1396 1886 1484 anguillas
1936 1397 2347 1463 admirantem
2402 1404 2467 1461 et
2501 1395 2577 1461 Io
2614 1394 3061 1462 Prometheum

807 1516 1269 1596 agnoscentem.
1319 1510 1596 1576 Accedit
1643 1509 1812 1596 quod
1855 1510 1979 1576 alio
2026 1509 2369 1597 Aeschyleo
2404 1531 2584 1575 versu
2618 1531 2826 1594 neque
2849 1509 3062 1575 minus

799 1631 1046 1690 mutato
1092 1625 1511 1712 respondetur
1554 1624 1870 1707 πρέσβειρα
1915 1626 2021 1690 κτέ
2063 1648 2153 1691 vs.
2202 1627 2353 1690 883.
2403 1623 2611 1707 Quam
2648 1621 2727 1688 ob
2764 1645 2895 1689 rem
2934 1645 3063 1688 non

810 1740 1100 1826 ineptum
1146 1739 1308 1804 mihi
1353 1739 1607 1804 videtur
1651 1739 1933 1804 conicere
1983 1738 2464 1826 Aristophanem
2516 1736 2779 1803 allatum
2815 1759 3065 1802 versum

800 1850 878 1946 ad
947 1850 1311 1917 Promethei
1378 1875 1595 1918 versus
1661 1874 1944 1918 normam
2014 1852 2447 1940 composuisse.
2510 1849 2749 1917 Verum
2810 1850 3063 1937 probari

801 1964 956 2030 talia
1001 1973 1352 2051 nequeunt.

804 2203 913 2270 Vs.
965 2196 1129 2269 883.
1316 2204 1630 2287 πρέσβειρα
1677 2204 2044 2281 πεντήκοντα
2087 2207 2387 2290 Κωπᾴδων
2430 2210 2599 2287 κορᾶν

900 2341 1105 2407 Schol.
1182 2344 1260 2409 Ὀ
1332 2344 1544 2424 στίχος
1605 2345 1729 2409 ἀπὸ
1785 2344 2088 2425 δράματος
2145 2344 2455 2425 Αἰσχύλου
2516 2342 2771 2411 Ὀπλων
2833 2346 3062 2427 κρίσεως

809 2453 986 2530 οὕτως
1046 2458 1587 2540 ἐπιγεγραμμένου,
1636 2458 1695 2522 ἐν
1743 2451 1785 2539 ᾧ
1830 2460 2205 2524 ἐπικαλεῖται
2250 2459 2364 2532 τὰς
2409 2458 2714 2541 Νηρεΐδας
2759 2482 2850 2532 τις
2896 2455 3061 2535 ἐξελ-

806 2568 1035 2644 θούσας
1094 2579 1303 2653 κρῖναι,
1349 2573 1490 2653 πρὸς
1526 2570 1640 2655 ,τὴν
1686 2570 1859 2636 Θέτιν
1901 2571 2092 2650 λέγων
2137 2621 2178 2646 ,,
2197 2571 2474 2638 δέσποινα
2517 2572 2886 2647 πεντήκοντα
2929 2580 3062 2648 Νη-

799 2683 981 2766 ρῄδων
1050 2685 1291 2766 χοροῦ.”
1369 2684 1581 2749 Bentl.
1644 2689 1833 2766 κορῶν.
1898 2684 2119 2750 Valck.
2183 2690 2360 2767 χοροῦ
2420 2708 2534 2772 pro
2593 2688 2763 2767 κορᾶν
2826 2684 2902 2750 R.
2966 2683 3059 2751 Of.

804 2797 958 2863 Eur.
1021 2798 1221 2864 Andr.
1274 2800 1475 2877 1267;
1517 2798 1595 2863 fr.
1638 2797 1866 2863 Aesch.
1922 2801 2048 2864 168
2097 2798 2206 2879 N„
2253 2802 2379 2865 175
2427 2797 2545 2879 D.;
2595 2798 2739 2887 Iph.
2788 2798 2860 2865 Τ.
2910 2803 3058 2866 427.

802 2910 1139 2998 (Mueller).
2817 2948 2832 2952 ·

762 3052 766 3057 ·
889 3025 1060 3092 Post.
1121 3026 1643 3108 ἐπιγεγραμμένου
1700 3024 1885 3091 verba
1946 3026 2241 3093 excidisse
2299 3027 2616 3106 videntur,
2681 3025 2914 3113 quibus
2963 3051 3062 3092 ex·

800 3141 1083 3228 posuerit
1130 3139 1469 3205 scholiasta
1514 3161 1708 3224 quare
1747 3140 2107 3226 tragoediae
2145 3139 2339 3205 ὅπλων
2377 3141 2553 3221 κρίσις
2591 3140 2824 3205 titulus
2846 3140 3059 3205 fuerit.

890 3253 1191 3340 Appellat
1248 3253 1480 3339 aliquis
1542 3252 1875 3319 Thetidem
1936 3259 2014 3317 ut
2072 3278 2106 3318 e
2163 3254 2319 3319 mari
2365 3260 2644 3339 emergat
2689 3261 2753 3318 et
2797 3276 2833 3318 e
2880 3252 3065 3320 Scho-

799 3367 1016 3431 liastae
1062 3365 1265 3431 verbo
1326 3364 1691 3442 ἐξελθούσας
1752 3375 2031 3455 apparet,
2092 3368 2331 3454 opinor,
2394 3366 2620 3445 ἔκβαθι
2664 3390 2752 3432 vs.
2807 3369 2937 3431 884
2983 3367 3062 3433 ad

799 3480 1119 3566 parodiam
1168 3481 1508 3566 pertinere.
1556 3479 1842 3546 Fortasse
1888 3482 2055 3569 apud
2103 3481 2482 3568 Aeschylum
2528 3480 2745 3559 ἔκβηθι
2789 3483 2892 3547 vel
2936 3482 3063 3547 tale

799 3592 954 3677 quid
997 3593 1399 3678 sequebatur.

803 3830 911 3896 Vs.
963 3824 1124 3896 893.
1688 3842 1693 3847 ⁴
1944 3834 2097 3912 μηδὲ
2144 3834 2258 3915 γὰρ
2302 3832 2502 3900 θανών
2549 3857 2692 3899 ποτε

1339 3951 1444 4010 σοῦ
1491 3947 1672 4027 χωρὶς
1716 3945 1832 4020 εἵην
1878 3946 2509 4025 ἐντετευτλανωμένης.

891 4082 1141 4148 Gaudio
1188 4083 1397 4149 elatus
1444 4083 1583 4150 Dic.
1632 4085 1980 4169 anguillam
2025 4086 2139 4150 diu
2183 4085 2601 4151 desideratam
2648 4086 2891 4150 salutat
2934 4081 3066 4150 ver-

799 4196 895 4261 bis
939 4196 1171 4280 quibus
1216 4198 1593 4282 gravitatem
1639 4199 1943 4283 tragicam
1992 4198 2314 4264 imitatur:

1068 4339 1218 4401 885.
1267 4333 1311 4401 ὦ
1356 4337 1629 4416 Φιλτάτη
1676 4337 1749 4401 σὺ
1793 4336 1896 4402 καὶ
1943 4337 2138 4403 πάλαι
2184 4336 2544 4416 ποθουμένη,

1270 4445 1457 4523 ἦλθες
1502 4449 1742 4523 ποθεινῆ
1790 4450 1901 4529 μὲν
1945 4451 2316 4533 τρυγῳδικοῖς
2359 4459 2577 4534 χοροῖς,

1272 4563 1422 4641 Φίλη
1472 4563 1535 4628 δὲ
1580 4561 1864 4645 Μορύχῳ.
