3875 5634
863 727 987 789 132
1581 743 1832 788 musmo
1842 743 2296 789 rnonrazosuz.

815 912 1095 976 Perseum
1155 911 1582 998 appellavisse.
1647 910 1793 997 Ipsa
1856 911 2111 997 parodia
2169 911 2385 976 comici
2451 910 2754 975 indicium
2799 919 2894 977 est
2942 920 3067 978 tra·

815 1027 1067 1111 goediae
1116 1025 1300 1090 verba
1345 1027 1413 1089 in
1462 1025 1634 1089 hunc
1680 1025 1960 1090 ordinem
1994 1025 2295 1112 disposita
2332 1026 2559 1091 fuisse:
2605 1026 2897 1092 Gemitus
2940 1026 3073 1091 odit

814 1139 1245 1218 Andromeda3
1309 1147 1557 1204 resonat
1603 1162 1753 1217 vox3
1808 1141 2071 1204 miratur
2119 1139 2519 1205 Andromeda
2564 1141 2828 1227 opinans
2876 1141 3074 1207 homi·

816 1254 913 1317 nis
973 1275 1183 1317 vocem
1231 1277 1296 1317 se
1354 1252 1573 1317 audire
1621 1260 1685 1316 et
1732 1259 1913 1337 rogat
1957 1253 2032 1317 σὺ
2079 1254 2132 1319 δ’
2180 1248 2237 1318 εἶ
2272 1254 2361 1326 τίς
2407 1252 2564 1327 ὅστις
2610 1256 2826 1333 τούμὸν
2873 1256 3073 1336 ᾤκτει-

815 1394 919 1446 ρκς
980 1369 1195 1445 mido-53
1264 1370 1494 1433 iterum
1553 1376 1803 1433 resonat
1846 1368 2020 1433 Eeho
2065 1367 2260 1435 donec
2306 1369 2621 1454 intellegit
2667 1369 3070 1435 Andromeda

813 1485 967 1549 falsa
1013 1508 1075 1549 se
1124 1486 1324 1550 teneri
1374 1486 1668 1571 opinione
1716 1507 1922 1569 neque
1970 1484 2280 1550 hominem
2332 1508 2462 1549 esse
2508 1484 2619 1570 qui
2664 1483 2781 1549 sibi
2824 1477 3076 1571 respon·

813 1600 958 1664 deat
1002 1599 1111 1664 sed
1154 1600 1332 1679 Ἠχὼ
1382 1601 1571 1678 λόγων
1619 1599 1891 1679 ἀπῳδόν.

901 1712 1045 1778 Non
1115 1714 1311 1798 igitur
1382 1735 1584 1778 unum
1654 1711 1961 1777 habemns
2031 1713 2451 1797 fragmentum
2520 1711 2724 1777 tribus
2788 1710 3070 1777 versibus

811 1835 1101 1893 constans
1146 1826 1274 1906 sed,
1322 1829 1374 1892 si
1422 1850 1636 1892 revera
1684 1850 1771 1892 vs.
1828 1829 1991 1891 1101
2044 1826 2424 1913 Euripideus
2471 1832 2584 1904 est,
2634 1826 2771 1889 tria.

817 2114 920 2181 Vs.
981 2107 1159 2178 1065
1210 2137 1341 2200 sqq.
1572 2110 1614 2178 ὦ
1662 2110 1799 2188 Νὺξ
1842 2113 1981 2194 ἱεροὶ,

1393 2230 1614 2308 μακρὸν
1661 2230 1735 2300 ὥς
1782 2225 2060 2306 ἵππευμα
2105 2227 2342 2300 διώκεις,

1390 2342 1753 2422 οἶστεροειδὲοι
1801 2347 1958 2406 νῶτα
2004 2340 2326 2422 διφρεύουιΐ

1395 2456 1605 2537 αἰθέρος
1652 2457 1795 2536 ἱροῖς,

1392 2576 1495 2635 τοῦ
1542 2568 1909 2647 σεμνοτάτου
1958 2569 2030 2635 δι’
2071 2567 2415 2646 Ὀλύμπου.

899 2732 1114 2799 Varias
1182 2736 1456 2799 virorum
1520 2735 1847 2800 doctorum
1914 2734 2300 2798 coniecturas
2361 2730 2503 2797 vide
2550 2753 2647 2817 ap.
2697 2729 3057 2796 Nauckium

809 2857 869 2912 et
916 2847 1105 2913 Dind.
1154 2849 1230 2913 fr.
1272 2849 1425 2914 Eur.
1474 2852 1620 2913 114.
1664 2845 3049 2928 801101.ετοῦπρολέγονἈνδρομέδοιςεὶσβολή.

809 2961 1072 3038 Εἱο-βολή
1137 2970 1230 3027 est
1290 2964 1670 3041 „initium,'’
1722 2970 1795 3027 ut
1842 2961 2192 3026 observavit
2238 2983 2291 3023 a.
2335 2959 2397 3024 h.
2447 2959 2489 3024 l.
2539 2960 2766 3043 Enger,
2817 2959 2930 3043 qui
2979 2958 3057 3023 de

810 3074 925 3139 hac
982 3099 1129 3140 voce
1177 3098 1317 3140 cnm
1369 3075 1680 3141 Fritsohio
1727 3075 2095 3160 disputavit.
2145 3073 2364 3139 Minus
2408 3082 2574 3139 recte
2619 3072 2814 3138 Dind.
2865 3071 2947 3136 ad
2990 3073 3066 3137 fr.

808 3189 1030 3254 Aesch.
1100 3193 1259 3255 141:
1326 3190 1627 3269 „efferendo
1674 3190 1751 3254 de
1798 3190 1999 3276 primo
2045 3188 2294 3254 fabulae
2340 3211 2523 3254 versu
2565 3188 2806 3253 dictum
2855 3186 3067 3252 simili-

808 3311 966 3380 „ter
1033 3326 1130 3390 ap.
1202 3304 1392 3369 schol.
1456 3305 1616 3369 Rau.
1688 3308 1718 3369 1
1785 3311 1849 3367 et
1912 3303 2159 3368 Thesm.
2231 3304 2463 3367 1065.”
2512 3302 2843 3387 Nusquam
2891 3301 3062 3386 quod

808 3416 994 3480 sciam
1054 3418 1131 3481 de
1181 3418 1380 3502 primo
1427 3441 1608 3482 versu
1658 3417 1914 3495 dicitur,
1963 3418 2068 3482 sed
2120 3417 2196 3481 de
2243 3418 2443 3502 prima
2489 3415 2736 3482 fabulae
2783 3416 2882 3480 vel
2930 3438 3062 3480 ora·

805 3530 995 3595 tionis
1056 3532 1389 3610 sententia,
1456 3531 1533 3596 de
1582 3532 1783 3617 prima
1832 3532 2029 3616 igitur
2079 3531 2315 3616 prologi
2366 3531 2463 3594 vel
2508 3530 2812 3617 prooemii
2861 3535 3059 3615 parte.

803 3644 1006 3708 Schol.
1054 3644 1212 3709 Rau.
1268 3648 1325 3723 1,
1375 3645 1486 3710 ubi
1534 3645 1803 3730 legitur:
1853 3645 2019 3718 εὐθὺς
2067 3646 2124 3709 ἕν
2172 3653 2243 3724 τῇ
2284 3643 2522 3723 εἷο-βολῇ
2565 3642 2883 3721 διοιβοὶλλει
2925 3642 3059 3715 τοὺς

798 3759 1108 3839 κωμῳδοὺς
1177 3760 1253 3832 ὥς
1315 3761 1559 3837 γελοίοις
1616 3759 1977 3840 χρωμένους.
2040 3758 2412 3823 vocabulum
2474 3757 2713 3835 εἷο-βολὴ
2761 3780 2888 3822 non
2937 3757 3060 3843 pri·

799 3893 971 3937 mum
1036 3895 1280 3936 versum
1345 3874 1611 3938 denotat
1672 3873 1778 3937 sed
1826 3873 2081 3938 initium
2129 3872 2425 3956 colloquii
2477 3871 2734 3956 Dionysi
2784 3879 2847 3935 et
2894 3870 3062 3934 Xan·

798 3985 987 4050 thiae.
1031 3984 1235 4050 Schol.
1273 3985 1521 4051 Thesm.
1567 3989 1735 4050 1065
1779 4009 1903 4050 non
1944 3986 2018 4049 de
2042 3985 2242 4071 primo
2269 3991 2514 4048 tantum
2545 3984 2649 4048 sed
2675 3984 2750 4047 de
2775 3984 3061 4068 quinque

799 4098 1108 4184 prioribus
1152 4099 1433 4165 versibus
1479 4123 1682 4165 sermo
1723 4109 1838 4165 est.
1882 4098 2058 4164 Idem
2084 4097 2329 4164 obtinet
2352 4122 2447 4183 ap.
2478 4096 2654 4162 Suid.
2681 4098 2747 4161 in
2771 4121 2828 4161 v.
2856 4095 3049 4178 ’Ἄρκ-

798 4236 896 4285 τος
941 4213 1182 4293 Σολεὺς,
1233 4213 1379 4278 ubi:
1430 4213 1652 4291 βιβλίοι
1698 4210 1772 4278 ὧν
1820 4213 2147 4291 θαυμάσιος
2193 4212 2226 4285 ἦ
2274 4211 2535 4289 εἷσβολὴ.
2591 4210 2736 4276 Alia
2776 4210 3060 4297 exempla

794 4326 970 4391 affert
1030 4324 1330 4392 Thesaur.
1398 4325 1473 4391 L.
1537 4326 1647 4392 Gr.
1712 4327 1754 4391 i.
1815 4346 1877 4391 v,
1926 4326 2104 4405 εἰσβ.,
2153 4324 2383 4410 quibus
2427 4323 2585 4388 adde
2633 4323 2836 4389 Schol.
2886 4322 3048 4388 Rau.

794 4440 997 4503 1219:
1069 4439 1422 4519 Σθενεβοίας
1494 4441 1557 4505 δὲ
1619 4441 1653 4515 ἦ
1715 4439 1902 4522 ἀρχή.
1970 4438 2287 4517 διαβάλλει
2349 4439 2411 4503 δὲ
2453 4436 2562 4510 τὴν
2607 4438 2897 4515 ὂμοειδίοιν
2944 4441 3057 4502 τῶν

785 4550 1071 4630 εἰσβολῶν
1116 4558 1231 4618 τῶν
1280 4555 1621 4635 δρκμοὶτων.
