3875 5634
848 714 937 776 32
1777 726 2065 787 nquius.
2173 686 2178 689 ¹

894 895 1029 961 Iam
1098 892 1486 960 Valckenaer
1551 900 1615 957 et
1675 892 1930 981 Bergler
1991 893 2055 957 in
2117 892 2214 957 ed.
2279 895 2398 957 Av.
2463 893 2617 956 haec
2660 914 2805 957 cum
2854 894 3054 960 Arist.

806 1003 967 1075 loeo‘
1001 1008 1190 1074 allato
1250 1012 1782 1095 comparaverunt.
1832 1006 2057 1092 Neque
2102 1013 2353 1072 temere.
2403 1005 2645 1071 Revera
2689 1006 2850 1071 mihi
2896 1008 3065 1075 vide·

806 1132 914 1189 tur
956 1130 1141 1210 poeta
1186 1121 1546 1208 imprudens
1583 1121 1861 1201 fortasse,
1908 1120 2080 1205 quod
2125 1119 2194 1185 in
2240 1119 2358 1184 tali
2401 1143 2470 1185 re
2507 1119 2758 1207 saepius
2797 1120 3063 1206 obtinet,

805 1236 1173 1324 Euripidem
1235 1236 1554 1301 imitatum
1615 1258 1766 1316 esse,
1813 1256 2018 1319 neque
2064 1234 2355 1320 ineptum
2402 1243 2499 1299 est
2542 1233 2658 1301 hic
2706 1235 2844 1301 eius
2888 1238 3066 1304 testi-

808 1351 1000 1415 monii
1049 1350 1378 1430 recordari,
1425 1349 1499 1414 fr.
1551 1351 1717 1415 397:

1107 1493 1348 1570 χρῶμαι
1393 1488 1509 1570 γὰρ
1553 1489 1734 1553 αὑτοῦ
1778 1492 1879 1553 τοῦ
1923 1487 2226 1566 στόματος
2272 1489 2353 1569 τῷ
2401 1486 2749 1569 στρογγύλῳ
2824 1469 2832 1478 ’

808 1713 917 1778 Va.
968 1707 1131 1777 404.
1442 1711 1816 1793 δωροδόκοισιν
1861 1712 1956 1775 ἐπ’
2002 1709 2242 1777 ἄνθεσιν
2283 1709 2439 1794 ἵζων.

897 1852 1254 1918 Admodum
1316 1850 1566 1916 difficile
1613 1859 1705 1915 est
1751 1849 2096 1916 diiudicare
2142 1874 2224 1915 an
2271 1852 2618 1916 carminum
2668 1842 3058 1918 choricorum

803 1989 1019 2033 versus
1082 1990 1115 2031 e
1171 1964 1492 2050 tragoedia
1546 1964 1819 2029 desumti
1878 1966 2030 2029 sint.
2092 1962 2219 2029 Hic.
2279 1971 2491 2030 tamen
2549 1966 2616 2030 in
2662 1971 2919 2053 promtu
2957 1950 3060 2031 est

804 2080 1109 2168 suspicari
1169 2102 1416 2146 versum
1473 2078 1667 2144 latere
1711 2078 1934 2164 tragici
1980 2078 2250 2144 alieuius
2294 2079 2395 2145 vel
2441 2080 2623 2166 lyrici
2668 2087 2888 2168 poetae
2937 2082 3051 2167 qui

803 2195 1164 2282 scripserat:

1449 2302 1491 2370 ὦ
1536 2305 1793 2387 ῥοδέοισιν
1839 2305 1932 2369 ἐπ’
1982 2304 2204 2371 ἄνθεσιν
2249 2302 2403 2387 ἵζων,

801 2473 946 2516 nam
1014 2450 1105 2513 ita
1166 2447 1419 2513 demum
1468 2442 1701 2509 habent
1745 2465 1920 2508 suam
1967 2443 2254 2509 facetiam
2302 2466 2519 2509 versus
2563 2445 2802 2510 comici.
2855 2447 3058 2513 ‘poam

799 2563 991 2631 ἄνθεα
1034 2563 1187 2629 Eur.
1237 2559 1408 2627 Med.
1459 2562 1586 2623 842
1625 2566 1691 2623 et
1727 2558 1999 2655 ῥοδέοισιν.
2024 2559 2083 2624 ἐν
2123 2557 2317 2624 ἄνθεσι
2339 2557 2592 2645 Ibycus,
2631 2560 2708 2625 fr.
2735 2563 2796 2624 4.
2822 2559 3051 2648 Bergk.

800 2701 860 2765 p.
912 2682 1059 2745 999.

776 2907 906 2975 ·Vs.
953 2901 1120 2973 407.
1584 2899 1827 2982 γέροντα
1873 2882 2251 2979 πυρροῇίπην.

888 3021 1316 3108 Compositum
1366 3016 1444 3082 ad
1491 3014 1842 3101 exemplum
1889 3011 2210 3077 Homerici
2254 3013 2804 3094 ,,ποιρθενοπι’πης”.

798 3249 906 3316 Vs.
954 3243 1120 3314 498.
1323 3245 1467 3311 ἀλλ’
1516 3243 1586 3310 ἴθι
1624 3240 1845 3323 χαίρων
1890 3237 1994 3305 καὶ
2040 3234 2322 3321 πράξειας

1330 3358 1494 3426 κατὰ
1538 3362 1666 3423 νοῦν
1711 3354 1808 3419 τὸν
1853 3354 2014 3432 ἐμὸν,
2062 3352 2167 3417 καί
2207 3376 2275 3416 σε
2320 3350 2621 3434 Φυλάττοι

1338 3472 1500 3547 Ζεύς.

889 3618 991 3683 Ad
1036 3615 1158 3680 tria
1200 3612 1406 3700 priora
1451 3606 1636 3673 verba
1683 3604 1926 3670 Schol.:
1974 3604 2139 3686 παρὰ
2182 3604 2247 3669 τὸ
2293 3602 2653 3684 Σοφόκλειον
2699 3599 2768 3677 ἐξ
2813 3602 3046 3669 Ἰολάου

799 3733 1019 3818 (Ald.)‚
1089 3726 1156 3804 ἐξ
1221 3724 1501 3795 Ἰοκλέους
1571 3718 1815 3806 (Ven.);
1885 3716 1954 3794 ἐξ
2027 3718 2310 3791 Οἰκλέους
2372 3716 2647 3782 correxit
2709 3713 2927 3794 Dind„
2978 3713 3047 3796 ἐξ

798 3843 1126 3929 Ἰφικλέους
1170 3836 1449 3906 Brunck.
1498 3834 1598 3900 Fr.
1648 3833 1834 3920 Soph.
1887 3835 2012 3899 278
2061 3829 2170 3910 N.,
2218 3834 2386 3896 4155
2437 3828 2515 3895 D.
2568 3827 2833 3907 „Verba
2876 3851 3051 3916 repe-

718 3988 731 4000 ·
797 3961 883 4025 tit
941 3957 1136 4023 Arist.
1200 3950 1375 4018 Nub.
1425 3953 1550 4016 510
1599 3955 1664 4013 et
1709 3946 1853 4012 Pac.
1904 3950 2051 4028 729,
2097 3946 2427 4011 manifesto
2476 3943 2649 4009 hune
2692 3943 2904 4009 locum
2958 3967 3050 4010 re-

798 4073 987 4161 spicit
1030 4071 1146 4157 Eq.
1199 4071 1364 4135 548:
2913 4086 2922 4094 ·

1466 4178 1532 4244 ἵν’
1580 4180 1608 4244 o‘
1653 4175 1892 4251 ποιητὴς
1939 4175 2084 4256 ἀπίῃ
2131 4173 2370 4258 χαίρων,
2419 4169 2425 4175 ’

1468 4294 1629 4359 κατὰ
1675 4297 1802 4357 νοῦν
1847 4286 2098 4372 πράξαις,

1464 4406 1708 4489 Φαιδρὸς
1752 4403 2052 4483 λάμποντι
2097 4398 2418 4482 μετώπῳ.”

886 4551 1134 4631 Nauck,
1182 4549 1291 4636 qui
1340 4549 1621 4631 προσώπῳ
1666 4569 1807 4611 cum
1856 4543 1991 4610 cod.
2036 4540 2196 4606 Ven.
