3875 5634
922 697 1047 759 142
1886 714 2122 759 nanas.

875 880 1219 943 annotavit.
1281 876 1524 941 Deinde
1583 900 1825 942 summo
1876 880 2011 943 iure
2059 887 2199 965 post
2249 881 2526 946 Minoem
2575 883 2820 968 signum
2872 885 3130 951 interro-

874 992 1143 1076 gationis
1215 992 1414 1076 posuit
1490 990 1687 1070 Kock,
1763 1015 1904 1056 nam
1970 995 2159 1057 etiam
2224 995 2272 1058 si
2322 994 2637 1080 probabile
2686 1006 2847 1062 esset
2894 999 3129 1065 talibus

877 1104 1170 1169 conviciis
1216 1105 1278 1168 in
1327 1127 1531 1188 regem
1580 1105 1897 1169 invectum
1949 1130 2075 1170 esse
2124 1107 2454 1189 Theseum,
2497 1133 2624 1175 nou
2666 1113 2846 1176 video
2868 1135 2980 1178 cur
3001 1129 3133 1179 τολ-

877 1217 1054 1297 μηρόν
1100 1240 1242 1282 eum
1292 1225 1355 1281 et
1398 1218 1793 1297 ἀναίσχυντον
1841 1220 2238 1304 appellasset.

969 1333 1141 1414 Quid
1186 1334 1383 1417 igitur
1429 1333 1505 1396 dc
1545 1334 1905 1397 testimonio
1946 1334 2313 1398 scholiastae
2353 1336 2733 1402 censendum
2775 1339 3128 1405 est?Recte

879 1447 1239 1512 iudicarunt
1289 1446 1404 1509 viri
1451 1444 1615 1509 docti
1667 1445 1732 1509 id
1770 1469 1898 1510 non
1947 1448 2263 1532 pertinere
2314 1449 2391 1513 ad
2446 1472 2528 1512 vs.
2581 1452 2731 1531 467,
2771 1451 2829 1523 ὃς
2866 1453 2963 1516 τὸν
3003 1452 3125 1517 κύν’

877 1564 1041 1635 ἡμῶν
1102 1558 1391 1634 ἐξελάσας
1435 1559 1579 1638 xri„
1629 1560 1732 1623 cui
1781 1560 2166 1645 adscriptum
2220 1570 2332 1624 est.
2385 1564 2503 1626 Sed
2544 1564 2688 1626 mihi
2735 1567 2969 1628 videtur
3012 1589 3127 1629 non

880 1676 1063 1756 maffia
1123 1677 1207 1737 ad
1251 1697 1333 1737 vs.
1382 1677 1510 1737 465
1556 1675 1871 1755 pertinere.
1921 1672 2174 1737 Scholia
2222 1675 2301 1739 ad
2353 1676 2541 1739 Aeaci
2589 1676 2773 1741 verba
2819 1680 2946 1741 465
2996 1700 3126 1763 sqq.

876 1788 1131 1852 confusa
1176 1794 1327 1850 suut
1371 1794 1434 1849 et
1479 1787 1812 1870 depravata
1859 1787 1950 1849 ita
1996 1794 2071 1848 ut
2117 1788 2455 1871 genuinam
2496 1790 2866 1873 scripturam
2902 1790 3127 1856 elicere

877 1924 1000 1966 non
1061 1901 1241 1966 facile
1301 1901 1399 1964 sit.
1463 1902 1760 1963 Attamen
1825 1901 1874 1963 si
1924 1900 2078 1984 quid
2128 1902 2324 1979 vide0‚
2378 1904 2567 1965 Schol.
2620 1906 2746 1968 467
2798 1905 3120 1985 παραπλή-

874 2039 974 2079 σια
1019 2053 1108 2063 -
1151 2015 1360 2078 Μίνωα
1403 2023 1459 2077 et
1499 2022 1792 2095 postrema
1833 2037 1981 2095 pars
2029 2014 2247 2078 Scholia·
2292 2016 2422 2079 475
2464 2017 2529 2081 τὸ
2573 2016 2688 2097 γαρ
2728 2019 2962 2095 Στυγός
3000 2018 3121 2083 κτὲ.

876 2132 961 2192 ad
1000 2151 1083 2192 vs.
1135 2131 1261 2192 470
1310 2128 1611 2208 adscripta
1643 2130 1917 2213 fuerunt
1964 2133 2119 2191 uncle
2165 2129 2408 2215 infelici
2461 2153 2603 2194 casu
2651 2132 2714 2193 in
2754 2132 2985 2196 diversa
3021 2132 3125 2196 mi-

869 2250 1193 2324 qraverunt
1237 2244 1383 2305 loca.

967 2356 1352 2440 Incipiamus
1398 2378 1428 2416 a
1479 2353 1683 2419 Schol.
1734 2358 1885 2420 475.
1932 2355 2232 2438 Legimus
2259 2405 2452 2421 .....
2500 2357 2638 2422 ἀντὶ
2687 2359 2748 2422 δὲ
2796 2365 2898 2424 τοῦ
2945 2360 3124 2424 εἰπεῖν

876 2469 1136 2550 ἔχιδναν,
1199 2469 1481 2547 μύραιναν
1541 2464 1684 2532 εἶπε.
1736 2471 1801 2533 τὲ
1850 2471 1964 2549 γὰρ
2015 2473 2248 2547 Στυγὸς
2297 2472 2669 2537 ε’πιπ).ύνσιον
2715 2468 2840 2537 εἶπε
2884 2474 3120 2547 τούτοις.

878 2583 999 2647 ἔστι
1062 2584 1124 2647 δὲ
1184 2588 1384 2646 ταῦτα
1447 2584 1504 2645 ἐν
1553 2591 1740 2655 Θησεῖ
1779 2583 2149 2660 πεποιημένα
2196 2585 2500 2665 Εὐριπίδη
2550 2587 2677 2650 ἐκεῖ
2717 2586 2831 2667 γὰρ
2874 2587 3124 2660 τοιοῦτός

875 2698 1000 2761 ἐστι
1061 2695 1401 2775 σπουδάζων
1460 2694 1483 2759 ὃ
1549 2697 1868 2775 Εὐριπίδης
1927 2691 2032 2769 οἶος
2077 2699 2330 2761 ἐνταῦθα
2378 2698 2622 2779 παίζων.
2672 2698 2794 2764 Pro
2839 2702 3117 2764 ε’πιπλύν-

875 2835 991 2876 σιον
1039 2808 1300 2874 Nauck:
1345 2811 1762 2882 ε’πιπληκτικόν
1810 2809 1918 2873 sed
1967 2832 2185 2894 parum
2227 2810 2509 2889 feliciter,
2552 2820 2627 2876 ut
2666 2813 2818 2876 mihi
2847 2813 3115 2894 videtur,

874 2949 1016 2991 nam
1061 2926 1477 2998 ἕπιπληκτικὸν
1525 2917 1649 2987 εἶπε
1690 2924 1912 2996 τούτοις
1960 2924 2116 3007 quid
2162 2925 2245 2987 sit
2289 2947 2415 2989 non
2463 2949 2776 3015 assequor.
2819 2926 3118 2992 Dindorf:

874 3039 968 3104 ἐπὶ
1037 3040 1300 3112 πλησίον,
1373 3037 1480 3103 sed
1549 3060 1755 3124 neque
1827 3038 1916 3100 ita
1978 3037 2165 3101 verba
2213 3039 2592 3104 Scholiastae
2639 3040 3119 3126 intelleguntur.

875 3153 1136 3219 Accedit
1196 3151 1364 3240 quod
1409 3152 1595 3215 etiam
1645 3150 1832 3216 verba
1880 3152 2009 3215 ἐκεῖ
2048 3189 2139 3199 -
2184 3152 2409 3233 παίζων
2456 3153 2644 3218 nihili
2692 3159 2858 3218 sunt.
2910 3154 3121 3239 Suspi-

875 3289 977 3331 cor
1040 3275 1314 3332 ΤΟΓΛΡ
1381 3274 1748 3351 corruptum
1812 3288 1940 3329 esse
2004 3289 2037 3328 e
2085 3275 2317 3345 TOIA,
2369 3274 2433 3329 et
2476 3267 2605 3332 τοία
2653 3270 2904 3345 Στυγός,
2955 3266 3122 3355 quod

872 3403 1015 3447 cum
1062 3381 1137 3446 iis
1184 3404 1342 3469 quae
1387 3379 1768 3467 praecedunt
1815 3379 2071 3444 minime
2113 3381 2421 3460 cohaeret,
2465 3381 2693 3445 lemma
2732 3405 2858 3445 esse
2884 3380 3119 3445 scholii

875 3520 960 3560 vs.
1021 3499 1149 3561 470
1212 3496 1340 3558 τοία
1386 3494 1617 3572 Στυγός
1666 3517 1733 3557 σε
1783 3494 2235 3573 μελανοκάρδιος
2283 3495 2489 3575 πέτρα.
2541 3493 2786 3559 Deinde
2834 3516 2945 3579 pro
2993 3496 3119 3559 ε’πι-

870 3609 1139 3674 πλύνσιον
1199 3608 1532 3693 legendum
1598 3631 1730 3672 esse
1795 3608 2225 3687 παραπλήσιον,
2285 3607 2360 3672 cf.
2431 3608 2636 3672 Schol.
2705 3610 2831 3672 467
2896 3609 3017 3693 (ε’πί
3055 3615 3119 3672 et

874 3724 1016 3802 περί,
1087 3724 1213 3802 περί
1272 3730 1334 3785 et
1392 3722 1553 3801 παραὶ
1614 3723 1679 3785 iu
1745 3721 2063 3785 codicibus
2127 3745 2305 3806 saepe
2353 3729 2707 3806 permutata
2753 3746 2885 3786 esse
2934 3721 3114 3785 docet

875 3837 1044 3902 Bast.
1108 3838 1347 3903 Comm.
1416 3836 1540 3922 pal.
1596 3859 1656 3921 p.
1711 3840 1834 3900 753
1885 3843 1950 3898 ct
2000 3839 2171 3915 830),
2219 3844 2282 3898 et
2330 3835 2514 3899 verba
2560 3836 2585 3899 ὁ
2635 3836 2959 3914 Εὐριπίδης
3004 3856 3117 3898 suo

875 3950 1009 4016 loco
1066 3950 1419 4036 reponenda
1484 3974 1612 4014 esse
1679 3960 1815 4036 post
1880 3950 2122 4022 τούτοις.
2186 3949 2412 4036 ltaque
2472 3948 2770 4013 habemus
2816 3948 3115 4012 scholium

872 4065 950 4129 ad
999 4089 1149 4129 vsm.
1199 4066 1358 4128 470:
1400 4066 1550 4128 Τοία
1592 4066 1846 4140 Στυγός·
1888 4065 2299 4143 παραπλήσιον
2325 4059 2449 4127 εἶπε
2476 4063 2691 4134 τούτοις
2716 4064 2741 4127 5
2767 4063 3118 4142 Εὐριπίδης.

872 4180 994 4243 ἔστι
1035 4180 1096 4243 δὲ
1136 4185 1335 4243 ταῦτα
1373 4180 1431 4242 ἐν
1469 4185 1661 4251 Θησεῖ
1696 4178 2065 4255 πεποιημένα
2107 4178 2416 4257 Εὐριπίδη
2445 4179 2564 4241 ἐκεῖ
2579 4179 2693 4257 γὰρ
2719 4178 2970 4250 τοιοῦτός
2994 4178 3116 4241 ἐστι

870 4294 1212 4373 σπουδάζων
1268 4288 1373 4365 οἷος
1426 4294 1679 4357 ἐνταῦθα
1740 4293 1984 4372 παίζων,
2036 4314 2197 4379 quae
2242 4316 2277 4354 a
2325 4292 2699 4356 scholiorum
2757 4292 3114 4355 Graecitate
3177 4334 3182 4339 -

869 4429 994 4472 non
1056 4406 1411 4472 abhorrent.
1475 4405 1648 4470 Haec
1693 4407 1849 4472 dicit
1897 4407 2237 4491 interpres:
2286 4407 2382 4470 Ibi
2432 4408 2520 4490 (in
2552 4388 2824 4487 Theseo)
2869 4412 2957 4469 est
3002 4405 3115 4468 ali·

871 4523 1003 4607 quis
1052 4521 1153 4606 qui
1195 4524 1345 4586 serio
1377 4523 1612 4605 profert
1647 4545 1797 4606 qaae
1836 4522 1930 4585 Ιιίι·
1972 4521 2058 4605 (in
2104 4520 2314 4603 Ranis)
2340 4523 2550 4585 ludens
2573 4521 2796 4605 aliquis
2823 4520 3114 4584 imitatur.
