<?xml version="1.0" encoding="UTF-8"?>
<!DOCTYPE html PUBLIC "-//W3C//DTD XHTML 1.0 Transitional//EN"
    "http://www.w3.org/TR/xhtml1/DTD/xhtml1-transitional.dtd">
<html xmlns="http://www.w3.org/1999/xhtml" xml:lang="en" lang="en">
 <head>
  <title>
</title>
<meta http-equiv="Content-Type" content="text/html;charset=utf-8" />
  <meta name='ocr-system' content='tesseract 3.04.00' />
  <meta name='ocr-capabilities' content='ocr_page ocr_carea ocr_par ocr_line ocrx_word'/>
</head>
<body>
  <div class='ocr_page' id='page_1' title='image "./deparodiaincomo03bakhgoog_0148.png"; bbox 0 0 3875 5634; ppageno 0'>
   <div class='ocr_carea' id='block_1_1' title="bbox 1500 1757 2379 1845">
    <p class='ocr_par' dir='ltr' id='par_1_1' title="bbox 1500 1757 2379 1845">
     <span class='ocr_line' id='line_1_1' title="bbox 1500 1757 2379 1845; baseline -0.007 0"><span class='ocrx_word' id='word_1_1' title='bbox 1500 1757 2379 1845; x_wconf 84' lang='lat' dir='ltr'>LYSISTRATA.</span> 
     </span>
    </p>
   </div>
   <div class='ocr_carea' id='block_1_2' title="bbox 1745 2051 2138 2064">
    <p class='ocr_par' dir='ltr' id='par_1_2' title="bbox 1745 2051 2138 2064">
     <span class='ocr_line' id='line_1_2' title="bbox 1745 2051 2138 2064; baseline -0.008 0"><span class='ocrx_word' id='word_1_2' title='bbox 1745 2051 2138 2064; x_wconf 74' lang='lat'>——-—</span> 
     </span>
    </p>
   </div>
   <div class='ocr_carea' id='block_1_3' title="bbox 812 2278 3069 3040">
    <p class='ocr_par' dir='ltr' id='par_1_3' title="bbox 824 2278 2698 2366">
     <span class='ocr_line' id='line_1_3' title="bbox 824 2278 2698 2366; baseline -0.003 -17"><span class='ocrx_word' id='word_1_3' title='bbox 824 2285 931 2351; x_wconf 84' lang='lat' dir='ltr'><strong>Vs.</strong></span> <span class='ocrx_word' id='word_1_4' title='bbox 986 2278 1145 2351; x_wconf 75' lang='grc'><strong>127.</strong></span> <span class='ocrx_word' id='word_1_5' title='bbox 1217 2285 1281 2351; x_wconf 86' lang='grc' dir='ltr'><strong>τί</strong></span> <span class='ocrx_word' id='word_1_6' title='bbox 1321 2286 1483 2366; x_wconf 66' lang='grc' dir='ltr'><strong>χρὼς</strong></span> <span class='ocrx_word' id='word_1_7' title='bbox 1527 2284 1884 2366; x_wconf 68' lang='grc' dir='ltr'><strong>τέτροιπτοιιε</strong></span> <span class='ocrx_word' id='word_1_8' title='bbox 1934 2282 1997 2347; x_wconf 83' lang='grc' dir='ltr'><strong>τί</strong></span> <span class='ocrx_word' id='word_1_9' title='bbox 2038 2280 2279 2363; x_wconf 62' lang='grc' dir='ltr'><strong>δάκρυον</strong></span> <span class='ocrx_word' id='word_1_10' title='bbox 2324 2279 2698 2358; x_wconf 67' lang='grc' dir='ltr'><strong><em>κατείβετκις</em></strong></span> 
     </span>
    </p>

    <p class='ocr_par' dir='ltr' id='par_1_4' title="bbox 812 2394 3069 3040">
     <span class='ocr_line' id='line_1_4' title="bbox 906 2394 3067 2486; baseline -0.002 -20"><span class='ocrx_word' id='word_1_11' title='bbox 906 2401 1171 2466; x_wconf 81' lang='lat' dir='ltr'>Gravior</span> <span class='ocrx_word' id='word_1_12' title='bbox 1238 2423 1425 2484; x_wconf 77' lang='lat' dir='ltr'><strong>quain</strong></span> <span class='ocrx_word' id='word_1_13' title='bbox 1493 2422 1605 2486; x_wconf 88' lang='lat' dir='ltr'><strong>pro</strong></span> <span class='ocrx_word' id='word_1_14' title='bbox 1667 2400 1982 2464; x_wconf 80' lang='lat' dir='ltr'>comoedia</span> <span class='ocrx_word' id='word_1_15' title='bbox 2042 2397 2299 2462; x_wconf 77' lang='lat' dir='ltr'><strong>locutio,</strong></span> <span class='ocrx_word' id='word_1_16' title='bbox 2366 2397 2522 2476; x_wconf 69' lang='grc' dir='ltr'><strong>Χροές</strong></span> <span class='ocrx_word' id='word_1_17' title='bbox 2584 2394 2698 2460; x_wconf 86' lang='lat' dir='ltr'><strong>hac</strong></span> <span class='ocrx_word' id='word_1_18' title='bbox 2746 2394 3067 2475; x_wconf 84' lang='lat' dir='ltr'><strong>„coloris”</strong></span> 
     </span>
     <span class='ocr_line' id='line_1_5' title="bbox 819 2509 3068 2603; baseline -0.004 -20"><span class='ocrx_word' id='word_1_19' title='bbox 819 2516 1273 2603; x_wconf 79' lang='lat' dir='ltr'><strong>significatione</strong></span> <span class='ocrx_word' id='word_1_20' title='bbox 1341 2514 1749 2601; x_wconf 82' lang='lat' dir='ltr'><strong>Aristophani</strong></span> <span class='ocrx_word' id='word_1_21' title='bbox 1795 2536 1921 2578; x_wconf 89' lang='lat' dir='ltr'><strong>non</strong></span> <span class='ocrx_word' id='word_1_22' title='bbox 1971 2514 2033 2578; x_wconf 88' lang='lat' dir='ltr'><strong>in</strong></span> <span class='ocrx_word' id='word_1_23' title='bbox 2083 2535 2204 2577; x_wconf 92' lang='lat' dir='ltr'><strong>usu</strong></span> <span class='ocrx_word' id='word_1_24' title='bbox 2254 2518 2381 2588; x_wconf 79' lang='lat' dir='ltr'><strong>est3</strong></span> <span class='ocrx_word' id='word_1_25' title='bbox 2429 2509 2664 2596; x_wconf 85' lang='lat' dir='ltr'><strong>ubique</strong></span> <span class='ocrx_word' id='word_1_26' title='bbox 2709 2509 2882 2591; x_wconf 78' lang='grc' dir='ltr'><em>χροιαὶ</em></span> <span class='ocrx_word' id='word_1_27' title='bbox 2926 2510 3068 2576; x_wconf 90' lang='lat' dir='ltr'><strong>scri-</strong></span> 
     </span>
     <span class='ocr_line' id='line_1_6' title="bbox 820 2625 3066 2712; baseline -0.003 -15"><span class='ocrx_word' id='word_1_28' title='bbox 820 2631 934 2712; x_wconf 79' lang='lat' dir='ltr'><strong>bit,</strong></span> <span class='ocrx_word' id='word_1_29' title='bbox 1001 2640 1073 2695; x_wconf 89' lang='lat' dir='ltr'><strong>ut</strong></span> <span class='ocrx_word' id='word_1_30' title='bbox 1133 2629 1304 2695; x_wconf 77' lang='lat' dir='ltr'><strong>Nub.</strong></span> <span class='ocrx_word' id='word_1_31' title='bbox 1362 2631 1510 2706; x_wconf 73' lang='lat'>715,</span> <span class='ocrx_word' id='word_1_32' title='bbox 1566 2631 1753 2710; x_wconf 71' lang='lat'>1012,</span> <span class='ocrx_word' id='word_1_33' title='bbox 1807 2631 1998 2701; x_wconf 83' lang='lat'>1016,</span> <span class='ocrx_word' id='word_1_34' title='bbox 2053 2630 2243 2693; x_wconf 87' lang='grc'><strong>1171.</strong></span> <span class='ocrx_word' id='word_1_35' title='bbox 2295 2628 2451 2707; x_wconf 74' lang='grc' dir='ltr'><strong>Χρὼς</strong></span> <span class='ocrx_word' id='word_1_36' title='bbox 2506 2626 2778 2708; x_wconf 59' lang='grc' dir='ltr'><strong><em>τρέπεται</em></strong></span> <span class='ocrx_word' id='word_1_37' title='bbox 2824 2625 3066 2712; x_wconf 87' lang='lat' dir='ltr'><strong>epicum</strong></span> 
     </span>
     <span class='ocr_line' id='line_1_7' title="bbox 820 2738 3069 2829; baseline -0.004 -17"><span class='ocrx_word' id='word_1_38' title='bbox 820 2754 934 2826; x_wconf 85' lang='lat' dir='ltr'><strong>est,</strong></span> <span class='ocrx_word' id='word_1_39' title='bbox 983 2744 1170 2810; x_wconf 90' lang='lat' dir='ltr'><strong>Hom.</strong></span> <span class='ocrx_word' id='word_1_40' title='bbox 1220 2743 1296 2810; x_wconf 85' lang='lat'><strong>11.</strong></span> <span class='ocrx_word' id='word_1_41' title='bbox 1347 2743 1515 2809; x_wconf 81' lang='lat' dir='ltr'><strong>XIII</strong></span> <span class='ocrx_word' id='word_1_42' title='bbox 1569 2747 1716 2823; x_wconf 81' lang='lat'><strong>279,</strong></span> <span class='ocrx_word' id='word_1_43' title='bbox 1767 2746 1895 2807; x_wconf 68' lang='lat'><strong>284</strong></span> <span class='ocrx_word' id='word_1_44' title='bbox 1942 2752 2005 2806; x_wconf 85' lang='lat' dir='ltr'><strong>et</strong></span> <span class='ocrx_word' id='word_1_45' title='bbox 2041 2743 2287 2829; x_wconf 83' lang='lat' dir='ltr'><strong>passim.</strong></span> <span class='ocrx_word' id='word_1_46' title='bbox 2328 2739 2496 2821; x_wconf 81' lang='lat' dir='ltr'><strong>Quia</strong></span> <span class='ocrx_word' id='word_1_47' title='bbox 2533 2748 2598 2804; x_wconf 88' lang='lat' dir='ltr'><strong>et</strong></span> <span class='ocrx_word' id='word_1_48' title='bbox 2635 2739 2858 2820; x_wconf 64' lang='grc' dir='ltr'><strong><em>δάκρυα</em></strong></span> <span class='ocrx_word' id='word_1_49' title='bbox 2894 2738 3069 2817; x_wconf 75' lang='grc' dir='ltr'><strong><em>εἶβειν</em></strong></span> 
     </span>
     <span class='ocr_line' id='line_1_8' title="bbox 822 2854 3068 2943; baseline -0.003 -18"><span class='ocrx_word' id='word_1_50' title='bbox 822 2861 950 2926; x_wconf 85' lang='lat' dir='ltr'><strong>sive</strong></span> <span class='ocrx_word' id='word_1_51' title='bbox 1015 2860 1311 2933; x_wconf 69' lang='lat' dir='ltr'><strong>xxrelsseev</strong></span> <span class='ocrx_word' id='word_1_52' title='bbox 1368 2859 1773 2924; x_wconf 84' lang='lat' dir='ltr'><strong>Homericum</strong></span> <span class='ocrx_word' id='word_1_53' title='bbox 1839 2867 1953 2936; x_wconf 88' lang='lat' dir='ltr'><strong>est,</strong></span> <span class='ocrx_word' id='word_1_54' title='bbox 1999 2857 2320 2942; x_wconf 86' lang='lat' dir='ltr'><strong>parodiam</strong></span> <span class='ocrx_word' id='word_1_55' title='bbox 2368 2856 2604 2943; x_wconf 77' lang='lat' dir='ltr'><strong>epicam</strong></span> <span class='ocrx_word' id='word_1_56' title='bbox 2650 2877 2837 2940; x_wconf 90' lang='lat' dir='ltr'><strong>quam</strong></span> <span class='ocrx_word' id='word_1_57' title='bbox 2882 2854 3068 2940; x_wconf 86' lang='lat' dir='ltr'><strong>tragi-</strong></span> 
     </span>
     <span class='ocr_line' id='line_1_9' title="bbox 812 2973 1489 3040; baseline -0.001 0"><span class='ocrx_word' id='word_1_58' title='bbox 812 2996 945 3040; x_wconf 89' lang='lat' dir='ltr'><strong>cam</strong></span> <span class='ocrx_word' id='word_1_59' title='bbox 991 2996 1205 3037; x_wconf 81' lang='lat' dir='ltr'><strong>vot-are</strong></span> <span class='ocrx_word' id='word_1_60' title='bbox 1251 2973 1489 3039; x_wconf 83' lang='lat' dir='ltr'><strong>malim.</strong></span> 
     </span>
    </p>
   </div>
   <div class='ocr_carea' id='block_1_4' title="bbox 812 3189 3072 4658">
    <p class='ocr_par' dir='ltr' id='par_1_5' title="bbox 815 3189 2730 3279">
     <span class='ocr_line' id='line_1_10' title="bbox 815 3189 2730 3279; baseline 0.001 -20"><span class='ocrx_word' id='word_1_61' title='bbox 815 3197 923 3264; x_wconf 80' lang='lat' dir='ltr'><strong>Vs.</strong></span> <span class='ocrx_word' id='word_1_62' title='bbox 980 3189 1137 3260; x_wconf 88' lang='lat'>139.</span> <span class='ocrx_word' id='word_1_63' title='bbox 1214 3197 1374 3263; x_wconf 74' lang='grc' dir='ltr'><strong>οὐδὲν</strong></span> <span class='ocrx_word' id='word_1_64' title='bbox 1420 3196 1536 3279; x_wconf 76' lang='grc' dir='ltr'><strong>γοίρ</strong></span> <span class='ocrx_word' id='word_1_65' title='bbox 1583 3197 1763 3276; x_wconf 79' lang='grc' dir='ltr'><strong><em>ἐσμεν</em></strong></span> <span class='ocrx_word' id='word_1_66' title='bbox 1810 3196 1967 3270; x_wconf 65' lang='grc' dir='ltr'><strong>πλὴν</strong></span> <span class='ocrx_word' id='word_1_67' title='bbox 2015 3197 2299 3262; x_wconf 78' lang='grc' dir='ltr'><strong>Ποσειδῶν</strong></span> <span class='ocrx_word' id='word_1_68' title='bbox 2343 3196 2449 3262; x_wconf 73' lang='grc' dir='ltr'><strong>καὶ</strong></span> <span class='ocrx_word' id='word_1_69' title='bbox 2497 3195 2730 3277; x_wconf 70' lang='grc' dir='ltr'><strong>σκάφη.</strong></span> 
     </span>
    </p>

    <p class='ocr_par' dir='ltr' id='par_1_6' title="bbox 818 3309 3069 3510">
     <span class='ocr_line' id='line_1_11' title="bbox 908 3309 3069 3392; baseline -0.001 -15"><span class='ocrx_word' id='word_1_70' title='bbox 908 3311 1118 3377; x_wconf 82' lang='lat' dir='ltr'><strong>Schol.</strong></span> <span class='ocrx_word' id='word_1_71' title='bbox 1176 3312 1256 3385; x_wconf 76' lang='grc' dir='ltr'><strong>εἷς</strong></span> <span class='ocrx_word' id='word_1_72' title='bbox 1319 3309 1425 3383; x_wconf 71' lang='grc' dir='ltr'><strong>τὺν</strong></span> <span class='ocrx_word' id='word_1_73' title='bbox 1485 3311 1854 3392; x_wconf 75' lang='grc' dir='ltr'><strong>Σοφοκλέους</strong></span> <span class='ocrx_word' id='word_1_74' title='bbox 1915 3311 1980 3376; x_wconf 78' lang='grc' dir='ltr'><strong>δὲ</strong></span> <span class='ocrx_word' id='word_1_75' title='bbox 2029 3312 2197 3391; x_wconf 77' lang='grc' dir='ltr'><strong><em>Τυρὼ</em></strong></span> <span class='ocrx_word' id='word_1_76' title='bbox 2242 3316 2442 3376; x_wconf 70' lang='grc' dir='ltr'><strong><em>ταῦτα</em></strong></span> <span class='ocrx_word' id='word_1_77' title='bbox 2488 3310 2759 3376; x_wconf 75' lang='grc' dir='ltr'><strong><em>συντείνει</em></strong></span> <span class='ocrx_word' id='word_1_78' title='bbox 2804 3311 3069 3376; x_wconf 62' lang='grc' dir='ltr'><strong><em>ἐπιθεῖσαν</em></strong></span> 
     </span>
     <span class='ocr_line' id='line_1_12' title="bbox 818 3425 2608 3510; baseline -0.002 -18"><span class='ocrx_word' id='word_1_79' title='bbox 818 3426 900 3492; x_wconf 69' lang='grc' dir='ltr'><strong>τὰ</strong></span> <span class='ocrx_word' id='word_1_80' title='bbox 943 3426 1123 3492; x_wconf 73' lang='grc' dir='ltr'><strong><em>τέκνα</em></strong></span> <span class='ocrx_word' id='word_1_81' title='bbox 1169 3426 1247 3498; x_wconf 75' lang='grc' dir='ltr'><strong>εἷς</strong></span> <span class='ocrx_word' id='word_1_82' title='bbox 1293 3425 1506 3506; x_wconf 76' lang='grc' dir='ltr'><strong>σκοὶφη</strong></span> <span class='ocrx_word' id='word_1_83' title='bbox 1554 3426 1640 3510; x_wconf 89' lang='lat' dir='ltr'><strong>(in</strong></span> <span class='ocrx_word' id='word_1_84' title='bbox 1687 3425 1936 3492; x_wconf 86' lang='lat' dir='ltr'><strong>duobus</strong></span> <span class='ocrx_word' id='word_1_85' title='bbox 1982 3426 2159 3490; x_wconf 84' lang='lat' dir='ltr'><strong>codd.</strong></span> <span class='ocrx_word' id='word_1_86' title='bbox 2208 3426 2288 3498; x_wconf 74' lang='grc' dir='ltr'><strong>εἷς</strong></span> <span class='ocrx_word' id='word_1_87' title='bbox 2333 3425 2608 3508; x_wconf 73' lang='grc' dir='ltr'><strong>σκάφος).</strong></span> 
     </span>
    </p>

    <p class='ocr_par' dir='ltr' id='par_1_7' title="bbox 812 3539 3072 4658">
     <span class='ocr_line' id='line_1_13' title="bbox 907 3539 3066 3627; baseline -0 -22"><span class='ocrx_word' id='word_1_88' title='bbox 907 3539 1071 3626; x_wconf 78' lang='lat' dir='ltr'><strong>Tyro</strong></span> <span class='ocrx_word' id='word_1_89' title='bbox 1118 3540 1347 3606; x_wconf 85' lang='lat' dir='ltr'><strong>liberos</strong></span> <span class='ocrx_word' id='word_1_90' title='bbox 1395 3563 1542 3605; x_wconf 91' lang='lat' dir='ltr'><strong>suos</strong></span> <span class='ocrx_word' id='word_1_91' title='bbox 1584 3563 1740 3626; x_wconf 89' lang='lat' dir='ltr'><strong>quos</strong></span> <span class='ocrx_word' id='word_1_92' title='bbox 1785 3566 1819 3606; x_wconf 88' lang='lat' dir='ltr'><strong>e</strong></span> <span class='ocrx_word' id='word_1_93' title='bbox 1865 3540 2173 3627; x_wconf 77' lang='lat' dir='ltr'><strong>Neptuno</strong></span> <span class='ocrx_word' id='word_1_94' title='bbox 2212 3539 2437 3625; x_wconf 87' lang='lat' dir='ltr'><strong>(Schol.</strong></span> <span class='ocrx_word' id='word_1_95' title='bbox 2473 3563 2526 3605; x_wconf 84' lang='lat' dir='ltr'><strong>a.</strong></span> <span class='ocrx_word' id='word_1_96' title='bbox 2566 3541 2627 3606; x_wconf 87' lang='lat' dir='ltr'><strong>h.</strong></span> <span class='ocrx_word' id='word_1_97' title='bbox 2669 3540 2712 3605; x_wconf 94' lang='lat' dir='ltr'><strong>l.</strong></span> <span class='ocrx_word' id='word_1_98' title='bbox 2755 3546 2821 3606; x_wconf 87' lang='lat' dir='ltr'><strong>et</strong></span> <span class='ocrx_word' id='word_1_99' title='bbox 2858 3539 3066 3626; x_wconf 88' lang='lat' dir='ltr'><strong>Apoll.</strong></span> 
     </span>
     <span class='ocr_line' id='line_1_14' title="bbox 816 3654 3067 3741; baseline -0.001 -21"><span class='ocrx_word' id='word_1_100' title='bbox 816 3654 850 3720; x_wconf 95' lang='lat' dir='ltr'>I</span> <span class='ocrx_word' id='word_1_101' title='bbox 901 3661 960 3735; x_wconf 83' lang='lat'><strong>9,</strong></span> <span class='ocrx_word' id='word_1_102' title='bbox 1013 3660 1096 3737; x_wconf 83' lang='lat' dir='ltr'><strong>S.)</strong></span> <span class='ocrx_word' id='word_1_103' title='bbox 1142 3663 1502 3741; x_wconf 73' lang='lat' dir='ltr'><strong>susceperat</strong></span> <span class='ocrx_word' id='word_1_104' title='bbox 1550 3656 1903 3741; x_wconf 79' lang='lat' dir='ltr'>exposuisse</span> <span class='ocrx_word' id='word_1_105' title='bbox 1952 3658 2016 3720; x_wconf 91' lang='lat' dir='ltr'><strong>in</strong></span> <span class='ocrx_word' id='word_1_106' title='bbox 2065 3655 2239 3721; x_wconf 84' lang='lat' dir='ltr'><strong>alveo</strong></span> <span class='ocrx_word' id='word_1_107' title='bbox 2287 3678 2361 3720; x_wconf 84' lang='lat' dir='ltr'><strong>ex</strong></span> <span class='ocrx_word' id='word_1_108' title='bbox 2410 3655 2602 3719; x_wconf 85' lang='lat' dir='ltr'><strong>Arist.</strong></span> <span class='ocrx_word' id='word_1_109' title='bbox 2653 3654 2831 3720; x_wconf 90' lang='lat' dir='ltr'><strong>Poet.</strong></span> <span class='ocrx_word' id='word_1_110' title='bbox 2888 3677 2939 3719; x_wconf 88' lang='lat' dir='ltr'><strong>c.</strong></span> <span class='ocrx_word' id='word_1_111' title='bbox 2983 3658 3067 3718; x_wconf 79' lang='lat'><strong>26</strong></span> 
     </span>
     <span class='ocr_line' id='line_1_15' title="bbox 815 3768 3069 3859; baseline -0.001 -23"><span class='ocrx_word' id='word_1_112' title='bbox 815 3794 914 3859; x_wconf 86' lang='lat' dir='ltr'><strong>ap.</strong></span> <span class='ocrx_word' id='word_1_113' title='bbox 965 3769 1045 3836; x_wconf 92' lang='grc'><strong>1).</strong></span> <span class='ocrx_word' id='word_1_114' title='bbox 1094 3771 1167 3836; x_wconf 83' lang='lat' dir='ltr'><strong>fr.</strong></span> <span class='ocrx_word' id='word_1_115' title='bbox 1221 3773 1348 3835; x_wconf 76' lang='lat'><strong>576</strong></span> <span class='ocrx_word' id='word_1_116' title='bbox 1397 3770 1637 3835; x_wconf 84' lang='lat' dir='ltr'><strong>efficere</strong></span> <span class='ocrx_word' id='word_1_117' title='bbox 1688 3771 1856 3837; x_wconf 88' lang='lat' dir='ltr'><strong>licet.</strong></span> <span class='ocrx_word' id='word_1_118' title='bbox 1907 3772 2271 3837; x_wconf 79' lang='lat' dir='ltr'>Mirandum</span> <span class='ocrx_word' id='word_1_119' title='bbox 2322 3778 2533 3835; x_wconf 84' lang='lat' dir='ltr'><strong>tamen</strong></span> <span class='ocrx_word' id='word_1_120' title='bbox 2572 3778 2669 3834; x_wconf 87' lang='lat' dir='ltr'><strong>est</strong></span> <span class='ocrx_word' id='word_1_121' title='bbox 2709 3768 3069 3857; x_wconf 84' lang='lat' dir='ltr'><strong>Aristopha-</strong></span> 
     </span>
     <span class='ocr_line' id='line_1_16' title="bbox 814 3885 3069 3972; baseline 0 -20"><span class='ocrx_word' id='word_1_122' title='bbox 814 3908 957 3952; x_wconf 88' lang='lat' dir='ltr'><strong>nem</strong></span> <span class='ocrx_word' id='word_1_123' title='bbox 1029 3886 1126 3950; x_wconf 83' lang='lat' dir='ltr'><strong>his</strong></span> <span class='ocrx_word' id='word_1_124' title='bbox 1196 3886 1402 3952; x_wconf 85' lang='lat' dir='ltr'><strong>verbis</strong></span> <span class='ocrx_word' id='word_1_125' title='bbox 1465 3889 1561 3951; x_wconf 87' lang='lat' dir='ltr'><strong>uti</strong></span> <span class='ocrx_word' id='word_1_126' title='bbox 1625 3895 1701 3952; x_wconf 89' lang='lat' dir='ltr'><strong>ut</strong></span> <span class='ocrx_word' id='word_1_127' title='bbox 1762 3887 1951 3969; x_wconf 84' lang='lat' dir='ltr'><strong>dicat,</strong></span> <span class='ocrx_word' id='word_1_128' title='bbox 2017 3910 2178 3972; x_wconf 89' lang='lat' dir='ltr'><strong>quae</strong></span> <span class='ocrx_word' id='word_1_129' title='bbox 2224 3910 2368 3952; x_wconf 82' lang='lat' dir='ltr'><strong>vera</strong></span> <span class='ocrx_word' id='word_1_130' title='bbox 2412 3886 2663 3952; x_wconf 86' lang='lat' dir='ltr'><strong>videtur</strong></span> <span class='ocrx_word' id='word_1_131' title='bbox 2706 3885 3069 3952; x_wconf 76' lang='lat' dir='ltr'><strong>scholiastae</strong></span> 
     </span>
     <span class='ocr_line' id='line_1_17' title="bbox 812 4000 3072 4087; baseline -0 -20"><span class='ocrx_word' id='word_1_132' title='bbox 812 4002 1270 4087; x_wconf 61' lang='lat' dir='ltr'><strong>interpretum,</strong></span> <span class='ocrx_word' id='word_1_133' title='bbox 1341 4003 1503 4067; x_wconf 74' lang='grc' dir='ltr'><strong>οὐδέν</strong></span> <span class='ocrx_word' id='word_1_134' title='bbox 1564 4005 1744 4080; x_wconf 78' lang='grc' dir='ltr'><strong><em>ἐσμεν</em></strong></span> <span class='ocrx_word' id='word_1_135' title='bbox 1801 4005 1847 4068; x_wconf 80' lang='grc' dir='ltr'><strong>εἰ</strong></span> <span class='ocrx_word' id='word_1_136' title='bbox 1909 4004 1998 4081; x_wconf 66' lang='grc' dir='ltr'><strong>μὴ</strong></span> <span class='ocrx_word' id='word_1_137' title='bbox 2043 4002 2432 4084; x_wconf 72' lang='grc' dir='ltr'><strong>συνουσιάζειν</strong></span> <span class='ocrx_word' id='word_1_138' title='bbox 2475 4000 2579 4066; x_wconf 69' lang='grc' dir='ltr'><strong>καὶ</strong></span> <span class='ocrx_word' id='word_1_139' title='bbox 2624 4001 2856 4073; x_wconf 77' lang='grc' dir='ltr'><strong>τίκτειν,</strong></span> <span class='ocrx_word' id='word_1_140' title='bbox 2902 4023 3072 4087; x_wconf 86' lang='lat' dir='ltr'><strong>prae-</strong></span> 
     </span>
     <span class='ocr_line' id='line_1_18' title="bbox 815 4117 3070 4204; baseline -0.001 -22"><span class='ocrx_word' id='word_1_141' title='bbox 815 4117 1028 4182; x_wconf 80' lang='lat' dir='ltr'><strong>sertim</strong></span> <span class='ocrx_word' id='word_1_142' title='bbox 1078 4139 1222 4182; x_wconf 89' lang='lat' dir='ltr'><strong>cum</strong></span> <span class='ocrx_word' id='word_1_143' title='bbox 1271 4117 1618 4201; x_wconf 83' lang='lat' dir='ltr'><strong>loquantur</strong></span> <span class='ocrx_word' id='word_1_144' title='bbox 1666 4118 1958 4183; x_wconf 89' lang='lat' dir='ltr'><strong>mulieres</strong></span> <span class='ocrx_word' id='word_1_145' title='bbox 2001 4128 2261 4204; x_wconf 86' lang='lat' dir='ltr'><strong>nuptae,</strong></span> <span class='ocrx_word' id='word_1_146' title='bbox 2311 4139 2470 4202; x_wconf 86' lang='lat' dir='ltr'><strong>quae</strong></span> <span class='ocrx_word' id='word_1_147' title='bbox 2504 4137 2882 4201; x_wconf 85' lang='lat' dir='ltr'><strong>quamquam</strong></span> <span class='ocrx_word' id='word_1_148' title='bbox 2921 4138 3070 4180; x_wconf 90' lang='lat' dir='ltr'><strong>non·</strong></span> 
     </span>
     <span class='ocr_line' id='line_1_19' title="bbox 815 4230 3072 4317; baseline 0 -21"><span class='ocrx_word' id='word_1_149' title='bbox 815 4253 1137 4315; x_wconf 86' lang='lat' dir='ltr'><strong>nunquam</strong></span> <span class='ocrx_word' id='word_1_150' title='bbox 1188 4230 1418 4297; x_wconf 88' lang='lat' dir='ltr'><strong>liberos</strong></span> <span class='ocrx_word' id='word_1_151' title='bbox 1465 4240 1863 4317; x_wconf 81' lang='lat' dir='ltr'><strong>exponerent,</strong></span> <span class='ocrx_word' id='word_1_152' title='bbox 1912 4255 1949 4295; x_wconf 87' lang='lat' dir='ltr'><strong>a</strong></span> <span class='ocrx_word' id='word_1_153' title='bbox 1997 4232 2236 4298; x_wconf 89' lang='lat' dir='ltr'><strong>maritis</strong></span> <span class='ocrx_word' id='word_1_154' title='bbox 2279 4241 2524 4297; x_wconf 83' lang='lat' dir='ltr'><strong>coactae</strong></span> <span class='ocrx_word' id='word_1_155' title='bbox 2563 4231 2784 4296; x_wconf 88' lang='lat' dir='ltr'><strong>tollere</strong></span> <span class='ocrx_word' id='word_1_156' title='bbox 2825 4253 2929 4297; x_wconf 90' lang='lat' dir='ltr'><strong>eos</strong></span> <span class='ocrx_word' id='word_1_157' title='bbox 2966 4253 3072 4297; x_wconf 88' lang='lat' dir='ltr'><strong>no-</strong></span> 
     </span>
     <span class='ocr_line' id='line_1_20' title="bbox 812 4343 3068 4432; baseline 0.001 -23"><span class='ocrx_word' id='word_1_158' title='bbox 812 4343 1109 4421; x_wconf 80' lang='lat' dir='ltr'><strong>lentibus,</strong></span> <span class='ocrx_word' id='word_1_159' title='bbox 1170 4368 1293 4410; x_wconf 89' lang='lat' dir='ltr'><strong>non</strong></span> <span class='ocrx_word' id='word_1_160' title='bbox 1358 4354 1570 4410; x_wconf 87' lang='lat' dir='ltr'><strong>tamen</strong></span> <span class='ocrx_word' id='word_1_161' title='bbox 1635 4370 1737 4410; x_wconf 88' lang='lat' dir='ltr'><strong>eos</strong></span> <span class='ocrx_word' id='word_1_162' title='bbox 1785 4368 2091 4432; x_wconf 83' lang='lat' dir='ltr'><strong>exponere</strong></span> <span class='ocrx_word' id='word_1_163' title='bbox 2138 4346 2440 4412; x_wconf 85' lang='lat' dir='ltr'><strong>solebant.</strong></span> <span class='ocrx_word' id='word_1_164' title='bbox 2492 4344 2686 4426; x_wconf 60' lang='lat' dir='ltr'><strong>Quid‘</strong></span> <span class='ocrx_word' id='word_1_165' title='bbox 2711 4367 2923 4410; x_wconf 84' lang='lat' dir='ltr'><strong>revera</strong></span> <span class='ocrx_word' id='word_1_166' title='bbox 2967 4368 3068 4412; x_wconf 86' lang='lat' dir='ltr'><strong>vo-</strong></span> 
     </span>
     <span class='ocr_line' id='line_1_21' title="bbox 813 4458 3071 4548; baseline 0.001 -25"><span class='ocrx_word' id='word_1_167' title='bbox 813 4458 1007 4524; x_wconf 89' lang='lat' dir='ltr'><strong>luerit</strong></span> <span class='ocrx_word' id='word_1_168' title='bbox 1055 4460 1509 4545; x_wconf 84' lang='lat' dir='ltr'><strong>Aristophanes</strong></span> <span class='ocrx_word' id='word_1_169' title='bbox 1557 4485 1589 4525; x_wconf 91' lang='lat' dir='ltr'><strong>e</strong></span> <span class='ocrx_word' id='word_1_170' title='bbox 1634 4463 1870 4548; x_wconf 83' lang='lat' dir='ltr'><strong>paucis,</strong></span> <span class='ocrx_word' id='word_1_171' title='bbox 1909 4483 2071 4547; x_wconf 87' lang='lat' dir='ltr'><strong>quae</strong></span> <span class='ocrx_word' id='word_1_172' title='bbox 2108 4461 2287 4527; x_wconf 88' lang='lat' dir='ltr'><strong>nobis</strong></span> <span class='ocrx_word' id='word_1_173' title='bbox 2320 4467 2659 4548; x_wconf 86' lang='lat' dir='ltr'><strong>supersunt</strong></span> <span class='ocrx_word' id='word_1_174' title='bbox 2696 4459 3071 4525; x_wconf 87' lang='lat' dir='ltr'><strong>testimoniis</strong></span> 
     </span>
     <span class='ocr_line' id='line_1_22' title="bbox 820 4592 1608 4658; baseline 0.003 -22"><span class='ocrx_word' id='word_1_175' title='bbox 820 4592 1035 4637; x_wconf 86' lang='lat' dir='ltr'><strong>eruere</strong></span> <span class='ocrx_word' id='word_1_176' title='bbox 1081 4594 1206 4637; x_wconf 91' lang='lat' dir='ltr'><strong>non</strong></span> <span class='ocrx_word' id='word_1_177' title='bbox 1259 4596 1608 4658; x_wconf 85' lang='lat' dir='ltr'><strong>possumus.</strong></span> 
     </span>
    </p>
   </div>
  </div>
 </body>
</html>
