3875 5634
884 732 1010 793 168
1843 749 2081 795 amn.

836 939 909 981 ex
959 916 1075 981 hac
1123 916 1254 1003 ipsa
1300 916 1619 1002 tragoedia
1659 916 1891 1003 petitos
1930 940 2083 996 esse,
2127 917 2416 1003 inprimis
2456 938 2602 982 cum
2641 915 2717 981 ad
2744 939 2880 983 eam
2902 920 3089 985 etiam

833 1053 952 1095 vss.
1022 1033 1189 1095 1320
1253 1054 1366 1116 sq.,
1437 1032 1607 1095 1322
1657 1039 1722 1096 et
1770 1032 1939 1095 1327
1994 1032 2375 1118 pertineant.
2425 1030 2660 1097 Vocem
2705 1033 3093 1112 στωμύλλετε

839 1139 1274 1230 Aristophanis
1320 1168 1451 1210 esse
1498 1167 1749 1209 monere
1797 1145 1900 1209 vix
1948 1166 2107 1230 opus
2146 1152 2279 1223 est3
2318 1144 2604 1210 consulto
2643 1168 2779 1210 eam
2819 1146 3091 1233 tragicae

834 1258 968 1322 voci
1013 1257 1341 1324 substituit
1388 1269 1462 1324 ut
1510 1259 1784 1325 indolem
1835 1282 2094 1346 poeseos
2142 1259 2469 1347 Euripidis
2514 1268 2775 1327 notaret.

836 1483 946 1549 Vs.
999 1476 1182 1547 1313
1232 1506 1363 1569 sqq.
1410 1481 1485 1548 αἵ
1520 1485 1569 1549 θ’
1616 1484 1925 1567 ὑπωρόφιοι
1974 1486 2141 1549 κατα
2178 1485 2399 1563 γωνίας

1413 1599 1462 1663 εἱ
1506 1623 1553 1664 ει
1599 1622 1648 1663 ει
1692 1622 1740 1663 ει
1785 1623 1833 1663 ει
1880 1598 2170 1664 scaleam
2214 1597 2531 1672 δακτύλοις
2575 1599 2908 1681 Φοὶλαγγες

1414 1711 1684 1778 ἱστότονα
1729 1713 2090 1791 πηνίσματα
2481 1698 2499 1706 ”

1411 1827 1676 1909 κερκίδος
1720 1827 1916 1893 οὶοιδοῦ
1966 1826 2234 1905 μελέτας

927 1941 1266 2007 Cuiusnam
1314 1941 1669 2028 tragoediae
1715 1965 1932 2007 versus
1980 1943 2111 2007 sint
2152 1943 2389 2029 priores
2422 1965 2547 2007 non
2589 1943 2809 2028 liquet.
2835 1942 3093 2010 Habent

836 2055 916 2120 ad
981 2058 1147 2120 1315
1199 2055 1406 2120 Schol.
1456 2055 1646 2121 Ram:
1695 2056 2054 2134 πηνίσματα
2102 2055 2184 2136 δὲ,
2229 2055 2597 2137 ὑφάσματα.
2642 2053 2715 2131 ἓξ
2748 2056 3086 2138 ,Ἠλέκτρας

836 2171 1206 2252 Εὖριπίδου.;
1256 2170 1464 2236 801101.
1514 2168 1673 2235 Ven.
1721 2178 1786 2235 et
1833 2168 2138 2235 Mediol.:
2188 2171 2255 2235 ἐκ
2291 2169 2642 2251 Μελεάγρου
2681 2172 2817 2251 Εὖρ.
2839 2199 2857 2251 3
2883 2171 3086 2237 801101.

839 2284 1008 2351 Flor.
1073 2296 1161 2351 Θε
1223 2285 1594 2364 ἐκτεταμένοι
1653 2284 2007 2366 ὑφάσματα
2055 2284 2232 2370 (legit
2276 2284 2583 2372 ἱστότονα)
2634 2286 2699 2350 ἐκ
2747 2285 3092 2369 Μελεάγρου

838 2398 942 2464 καὶ
990 2397 1056 2474 ἐξ
1094 2399 1421 2480 Ἠλέκτρας
1458 2400 1633 2481 Εὐρ.;
1674 2398 1881 2465 801101.
1919 2398 1998 2462 al.
2028 2398 2166 2463 cod.
2192 2398 2259 2463 τὸ
2284 2399 2349 2463 δὲ
2371 2399 2632 2478 κερκίδος
2656 2399 2722 2464 ἐκ
2745 2399 3093 2481 Μελεάγρου

841 2514 978 2594 Εὐρ.
1039 2513 1104 2578 τὸ
1166 2513 1227 2577 δὲ
1287 2511 1356 2576 ἵν’
1400 2514 1427 2578 ὁ
1473 2513 1770 2594 Φίλαυλος
1817 2509 1885 2587 ἐξ
1928 2510 2278 2593 Ἠλέκτρας.
2332 2511 2434 2576 Ad
2475 2535 2566 2575 VS.
2620 2514 2790 2576 1313
2837 2512 3087 2577 nullum

834 2625 1071 2712 legitur
1116 2625 1440 2691 scholium.
1489 2625 1679 2708 Quod
1724 2624 1916 2690 habet
1961 2624 2037 2689 R.
2087 2624 2167 2689 ad
2220 2626 2415 2703 1315,
2467 2622 2534 2700 ἐξ
2580 2626 2926 2707 Ἠλέκτρας,
2962 2649 3093 2691 ver·

834 2742 934 2806 sui
1003 2743 1165 2807 1317
1230 2740 1487 2806 reddere
1548 2741 1613 2806 in
1678 2748 1934 2827 promtu
1997 2746 2112 2819 est,
2170 2746 2236 2803 at
2296 2739 2554 2804 fortasse
2614 2738 2693 2803 ad
2745 2741 2913 2804 1314
2960 2762 3093 2827 per·

830 2855 993 2920 tinet
1056 2864 1120 2919 et
1187 2861 1429 2941 spectat
1495 2853 1755 2919 verbum
1826 2853 2129 2918 εἱλίσσετε.
2194 2852 2564 2938 Euripidem
2624 2853 2790 2918 enim
2851 2876 2887 2918 a
2931 2876 3091 2924 nova

833 2968 944 3034 illa
1011 2969 1278 3033 musices
1345 2969 1586 3033 ratione
1655 2990 1782 3053 qua
1847 2967 2005 3032 varii
2074 2967 2211 3032 soni
2275 2968 2390 3032 uni
2451 2965 2721 3052 syllabae
2768 2969 3093 3054 responde-

832 3091 994 3161 rent,
1054 3105 1178 3147 non
1240 3105 1491 3169 prorsus
1554 3080 1973 3158 abhorruisse,
2023 3080 2178 3145 mihi
2228 3079 2549 3168 probabile
2598 3082 2868 3147 videtur.
2918 3083 3088 3148 Aris-

830 3196 1118 3282 tophanis
1188 3196 1353 3260 enim
1420 3195 1776 3283 petulantia
1851 3195 1917 3259 in
1982 3195 2314 3259 iteratione
2362 3193 2742 3280 syllabarum
2791 3196 3088 3281 perstrin-

830 3309 1031 3394 genda
1065 3333 1188 3374 non
1229 3309 1430 3375 dicam
1469 3311 1708 3376 iniusta
1742 3310 1967 3375 fuisset
2001 3347 2088 3358 --
2130 3308 2245 3374 hoc
2269 3332 2396 3374 non
2422 3308 2682 3374 curabat
2708 3309 2977 3375 comicus
2998 3347 3091 3359 —

830 3423 937 3489 sed
997 3426 1166 3489 omni
1212 3424 1341 3490 sale
1389 3425 1716 3505 destituta,
1767 3425 1819 3489 si
1868 3423 2042 3509 quod
2087 3422 2383 3510 Euripidi
2433 3424 2587 3489 vitio
2635 3431 2905 3490 verteret
2950 3424 3091 3489 nul·

830 3538 956 3602 lam
1025 3562 1104 3604 ne
1173 3539 1541 3607 levissimam
1603 3540 1859 3624 quidem
1919 3540 2052 3604 veri
2119 3539 2392 3625 speciem
2459 3536 2798 3604 habuisset.
2845 3538 3089 3604 Deinde

831 3651 984 3716 Eur.
1031 3652 1263 3717 Electr.
1319 3655 1444 3719 437
1493 3652 1560 3718 id
1605 3655 1808 3741 ipsum
1862 3653 2305 3731 εἱειλισσόμενος
2359 3652 2615 3737 legitur.

1228 3766 1357 3829 435
1406 3764 1474 3830 ἵν’
1521 3767 1548 3830 ὃ
1594 3767 1891 3847 Φίλαυλος
1942 3764 2174 3830 ἔπαλλε
2218 3766 2356 3830 δελ-

1405 3878 1518 3960 φὶς
1566 3878 1812 3961 πρῴραις
1860 3877 2295 3957 κυανεμβόλοις

1406 3993 1863 4071 εἱειλισσόμενος.

826 4104 1313 4183 κυανεμβόλοισιν
1358 4105 1749 4184 εἱλισσόμενος
1784 4105 2126 4173 Victorius,
2168 4105 2249 4172 In
2288 4105 2680 4193 antistrophe
2721 4108 2925 4172 versui
2951 4111 3076 4175 437

827 4217 1158 4305 respondet
1214 4243 1299 4284 vs.
1367 4222 1494 4284 447
1559 4222 1907 4303 Νυμφαίας
1971 4221 2245 4300 σκοπιάς,
2292 4222 2482 4305 quod,
2531 4228 2873 4308 praeeunte
2917 4221 3091 4288 80111-

824 4329 976 4409 ler0,
1039 4331 1311 4398 Dindorf
1349 4333 1416 4398 in
1467 4340 1750 4416 Νυμφαν
1795 4335 2049 4409 σκοπιάς
2096 4336 2372 4400 mutavit
2421 4343 2495 4401 ut
2542 4343 2788 4401 mutato
2835 4336 3086 4402 εἱλισσό-

825 4468 996 4522 μενος
1056 4470 1142 4510 vs.
1205 4447 1332 4511 437
1383 4447 1806 4535 responderet.
1860 4448 2020 4513 Cum
2069 4457 2283 4514 autem
2334 4449 2505 4514 hunc
2549 4449 2833 4515 Electrae
2879 4449 3087 4515 locum

817 4558 884 4622 in
928 4557 1045 4624 1100
1085 4560 1219 4647 ipso
1266 4562 1555 4643 carmine,
1604 4562 1853 4627 duobus
1891 4561 2172 4629 versibus
2212 4570 2376 4649 post,
2420 4563 2682 4644 παρῳδεῒ
2716 4562 3077 4650 Aristopha-
