3875 5634
1878 800 2112 846 RANAE.
2940 787 3066 849 155

1306 965 1396 1039 τίς
1446 965 1500 1032 δ’
1545 960 1692 1032 οἶδεν
1736 968 1785 1032 εἱ
1832 969 1898 1033 τὸ
1944 966 2051 1049 ζῆν
2099 968 2211 1047 μέν
2260 971 2381 1034 ἐστι
2427 972 2754 1052 κατθανεῖν,

1304 1081 1371 1145 τὸ
1417 1084 1727 1147 κατθανεῖν
1777 1083 1839 1146 δὲ
1884 1081 1993 1163 ζῆν
2043 1083 2205 1147 κατ-ω
2251 1082 2545 1165 νομίζεται
2561 1113 2577 1165 ;

951 1193 1048 1260 De
1094 1195 1334 1279 origine
1373 1194 1564 1262 huius
1602 1196 1725 1261 loci
1764 1196 2152 1261 dissentiunt
2192 1206 2427 1262 veteres
2466 1198 2853 1285 interpretes,
2879 1199 3114 1266 Phrixo

862 1309 1158 1375 tribuunt
1218 1308 1425 1374 Schol.
1487 1333 1544 1374 a.
1613 1310 1676 1374 h.
1737 1310 1780 1374 1.
1829 1317 1892 1375 et
1940 1311 2147 1375 Schol.
2197 1310 2347 1376 Rav.
2397 1311 2557 1378 Ven.
2616 1317 2803 1394 1478,
2854 1314 3116 1402 Polyido

864 1423 1073 1488 Schol.
1121 1423 1272 1489 Eur.
1321 1423 1514 1512 Hipp.
1571 1427 1719 1504 192,
1767 1423 2118 1511 Hippolyto
2167 1426 2368 1490 Schol.
2418 1450 2537 1492 reo.
2596 1430 2763 1492 1478
2813 1428 2958 1495 ubi:
3000 1429 3115 1495 ἄλ-

863 1551 998 1610 λως.
1048 1542 1219 1603 τοῦτο
1261 1535 1330 1612 ἐξ
1373 1538 1732 1603 Ἱππολύτου
1778 1538 2085 1619 δράματος

1310 1653 1398 1725 τίς
1445 1647 1599 1716 οἶδεν
1644 1653 1693 1717 εἱ
1736 1654 1802 1718 τὸ
1848 1652 1955 1734 ζῆν
2002 1654 2115 1731 μέν
2159 1656 2281 1718 ἐστι
2327 1657 2655 1734 κατθανεῖν,

1311 1767 1377 1831 τὸ
1421 1768 1734 1831 κατθανεῖν
1780 1768 1843 1832 δὲ
1886 1766 2014 1848 ζῆν,
2066 1769 2272 1832 ὑπνοῦν
2319 1769 2382 1833 δὲ
2428 1771 2493 1835 τὸ
2546 1773 2878 1850 κατθανεῖν;

953 1879 1218 1965 Bentley
1286 1880 1383 1945 hic
1441 1882 1507 1945 ἐκ
1570 1882 1862 1946 Πολυΐδου
1924 1881 2263 1966 legendum
2336 1906 2462 1947 esse
2536 1885 2778 1948 censuit
2848 1907 3118 1969 eumque

865 1996 1066 2060 secuti
1110 2003 1261 2059 sunt
1304 1995 1528 2060 Nauck
1578 2003 1642 2061 et
1683 1994 1973 2062 Dindorf.
2018 1998 2316 2061 Attamen
2358 2020 2730 2083 quamquam
2755 2000 3118 2084 gravissima

866 2118 961 2176 est
1017 2110 1239 2175 talium
1302 2111 1575 2175 virorum
1634 2113 1948 2187 actoritaS,
2010 2111 2171 2176 illud
2235 2110 2301 2188 ἐξ
2360 2114 2707 2179 Ἱππολύτου
2765 2116 3117 2199 genuinum

866 2246 999 2290 esse
1060 2226 1338 2312 suspicor
1399 2233 1464 2290 et
1506 2227 1702 2292 altius
1751 2227 2151 2313 repetendam
2193 2252 2321 2292 esse
2367 2231 2586 2295 erroris
2630 2253 2877 2296 eausam
2928 2253 3116 2316 quam

865 2364 898 2404 e
946 2339 1166 2404 calami
1207 2339 1389 2426 lapsu
1435 2340 1704 2406 alicuius
1749 2341 2011 2406 librarii.

953 2453 1130 2518 Idem
1194 2455 1359 2518 enim
1419 2455 1750 2541 Hippolyti
1814 2478 2036 2520 nomen
2103 2456 2421 2520 invenitur
2483 2457 2549 2521 in
2596 2457 2802 2523 Schol.
2853 2458 3006 2523 Rav.
3055 2466 3118 2524 et

871 2567 1028 2633 Ven.
1088 2571 1278 2635 1478.
1330 2568 1407 2633 In
1457 2569 1609 2634 Rav.
1655 2572 1730 2654 (si
1764 2570 2076 2635 Dindorfii
2115 2572 2580 2636 annotationem
2604 2582 2771 2638 recte
2795 2574 3117 2659 intellego)

865 2709 1029 2766 παρα
1071 2711 1152 2751 τα
1197 2688 1261 2750 ἐκ
1311 2683 1451 2766 Φρίξ
1451 2710 1513 2750 ου
1561 2689 1698 2767 Εὐρ.
1746 2687 1812 2751 τὸ
1859 2687 1922 2751 δὲ
1969 2687 2134 2751 κωδιο
2112 2710 2166 2749 ν
2205 2686 2560 2767 προσέθηκεν,
2602 2688 2799 2760 ἐπειδὴ
2823 2687 3117 2753 καθεύδειν

866 2797 1520 2879 ἔφη.ἕξ1ππολύτου
1568 2800 1906 2879 Εὐριπιᾞδου
1955 2800 2019 2863 in
2067 2797 2127 2858 V
2130 2822 2227 2864 en.
2270 2807 2409 2885 post
2447 2799 2598 2879 ἔφης
2638 2797 2702 2874 ἐξ
2745 2799 3114 2865 Ιππολύτου.

865 2914 931 2977 τὸ
978 2913 1040 2977 δὲ
1086 2914 1283 2977 λοιπὸν
1326 2914 1392 2977 τὸ
1438 2915 1744 2977 κατθανεῖν
1792 2912 1938 2977 δὲΫ
1899 2920 2026 2993 ,ἢκ
2080 2916 2181 2977 An
2231 2913 2327 2978 his
2375 2936 2623 2999 quoque
2671 2914 2919 2979 duobus
2958 2915 3112 2980 loeis

867 3026 1217 3090 Ιππολύτου
1262 3035 1625 3111 corruptum
1675 3034 1771 3091 est
1817 3050 1849 3091 e
1900 3027 2242 3094 Πολυίδουῖὶ
2283 3026 2402 3091 Sed
2438 3027 2599 3092 nihil
2637 3028 2962 3114 proficitur
3002 3029 3117 3094 hae

867 3141 1240 3204 coniectura.
1307 3140 1472 3205 Nam
1536 3142 1664 3205 sive
1725 3143 1792 3206 ἐκ
1857 3150 2001 3205 Πολ.
2055 3139 2332 3226 legamus
2379 3143 2507 3206 sive
2553 3139 2622 3217 ἐξ
2665 3144 2848 3216 Ιππ..
2897 3166 3108 3208 sanam

867 3255 1238 3319 sententiam
1301 3255 1531 3320 frustra
1595 3256 1975 3340 quaerimuS,
2027 3262 2090 3319 et
2137 3254 2359 3320 deinde
2404 3256 2471 3320 in
2519 3255 2595 3320 R.
2645 3265 2709 3320 et
2756 3255 2832 3319 V.
2881 3258 3116 3322 mentio

867 3366 1114 3454 Polyidi
1162 3368 1277 3432 hoc
1323 3368 1460 3434 loco
1504 3370 1634 3434 fieri
1684 3391 1809 3434 non
1848 3369 2078 3455 potuit,
2120 3392 2264 3435 cum
2305 3393 2336 3434 e
2380 3369 2797 3435 Schol.1082
2823 3378 3119 3505 appareat

866 3483 1224 3548 scholiastae.
1270 3484 1476 3548 locum
1526 3483 1770 3569 Polyidi
1815 3506 1944 3548 non
1989 3485 2253 3548 novisse.

958 3596 1129 3679 Quid
1199 3596 1432 3683 igitur?
1499 3597 1784 3663 Fritsohe
1849 3597 2036 3661 verba
2098 3595 2167 3672 ἐξ
2227 3599 2384 3662 Ἱππ.
2456 3620 2489 3662 e
2551 3597 2752 3662 Schol.
2803 3597 2878 3661 R.
2930 3606 2995 3662 et
3039 3597 3117 3661 V.

869 3714 1053 3777 eiecit
1110 3713 1340 3798 quippe
1388 3733 1548 3796 quae
1596 3735 1629 3776 e
1679 3711 2106 3778 Schol.1471
2160 3711 2287 3775 huo
2331 3713 2710 3798 irrepserint.
2764 3711 2931 3777 Mihi
2978 3735 3119 3778 vero

867 3828 1119 3893 videtur
1177 3848 1319 3890 vera
1378 3827 1605 3891 erroris
1667 3849 1852 3890 causa
1912 3825 2269 3909 quaerenda
2315 3849 2443 3891 esse
2489 3828 2555 3891 in
2604 3826 2811 3893 Schol.
2865 3830 3035 3892 1032
3085 3851 3119 3892 e

867 3964 992 4026 quo
1038 3941 1226 4005 etiam
1275 3939 1376 4005 Fr.
1428 3939 1631 4005 Schol.
1683 3963 1805 4005 rec.
1863 3943 2033 4005 1478
2086 3940 2438 4005 confectum
2489 3964 2618 4005 esse
2664 3941 3024 4006 arbitratur.

956 4054 1160 4118 Schol.
1228 4057 1399 4118 1082
1462 4054 1736 4138 legimus
1783 4051 1907 4117 ἔστι
1955 4051 2065 4131 μὲν
2114 4053 2276 4134 παρα
2319 4054 2399 4117 τα
2448 4055 2514 4118 ἐκ
2560 4051 2762 4134 Φρίξου
2809 4056 2981 4135 Εὗρε
3029 4055 3119 4126 τίς

868 4168 921 4233 δ’
968 4163 1121 4232 οἶδεν
1165 4205 1256 4216 --
1301 4168 1364 4232 δὲ
1405 4167 1532 4249 ζῆν.
1573 4168 1717 4231 ἀλλ’
1759 4168 1785 4231 o‘
1825 4166 2014 4246 λέγων
2052 4165 2182 4231 ἐστὶ
2212 4164 2429 4247 Φρίξος.
2457 4163 2617 4240 οὗτος
2641 4168 2702 4232 δὲ
2730 4167 3120 4254 (Aristopha-

866 4285 996 4366 nes)
1061 4283 1135 4354 ὦς
1197 4282 1363 4362 παρὰ
1424 4283 1699 4360 ογυναικὸς
1747 4281 2037 4362 εἰρημένον
2084 4281 2233 4346 αὐτὸ
2280 4282 2456 4358 λέγει.
2510 4282 2648 4346 ἰδεῖν
2694 4277 2785 4347 οὖν
2832 4282 2950 4363 χρὴ
2998 4284 3115 4360 μή·

865 4419 1010 4460 ποτε
1078 4396 1174 4460 τὸν
1232 4396 1414 4459 αὑτὸν
1474 4400 1598 4459 νοῦν
1660 4396 1798 4475 παρ’
1862 4395 2154 4475 Εὐριπίδῃ
2219 4395 2364 4471 γυνὴ
2428 4394 2573 4474 λέγῃ
2620 4394 2723 4460 καὶ
2773 4396 3008 4473 μήποτε
3051 4398 3118 4461 τὸ

867 4508 977 4571 ὑπὸ
1022 4514 1131 4582 τῆς
1174 4512 1391 4588 τροφοῦ
1437 4507 1495 4570 ἐν
1544 4507 1881 4586 Ἱππολύτῳ
1927 4506 2282 4585 hydae-von:

1307 4622 1448 4685 ἀλλ’
1494 4618 1530 4685 δ’
1568 4644 1625 4684 τι
1670 4625 1775 4685 τοῦ
1819 4620 1929 4701 ζῆν
1975 4621 2098 4685 κτὲ.
2146 4644 2232 4685 vs.
2288 4623 2432 4684 192.
