3875 5634
829 703 954 764 186
1781 714 2029 759 nurus,

786 885 1036 949 videtur
1089 883 1447 947 coniectura
1507 879 1927 960 Valckenarii‚
1980 878 2179 948 Diatr.
2227 904 2290 967 p.
2342 884 2489 963 196,
2539 883 3025 969 Aristophanem

787 998 1039 1083 quidem
1089 994 1274 1060 verbo
1313 991 1757 1071 ἐξωμμάτωται
1797 995 2063 1059 dixisse:
2106 995 2395 1060 oculatus
2433 998 2634 1061 faetus
2660 1002 2772 1077 est,
2801 997 3033 1084 Sopho·

786 1111 940 1174 clem
1004 1117 1254 1174 eontra:
1302 1157 1341 1185 ,,
1358 1110 1652 1172 oculorum
1696 1109 1824 1172 acie
1862 1109 2143 1190 privatus
2187 1117 2293 1187 est,
2343 1115 2417 1172 ut
2465 1108 2799 1195 Euripides
2847 1132 3030 1175 suum

786 1222 1039 1288 adhibet
1107 1220 1609 1300 ἕξομματοῦμεν”
1680 1221 1753 1285 fr.
1824 1223 1970 1283 545.
2036 1219 2264 1283 Obstat
2324 1221 2471 1286 huie
2528 1222 3031 1308 interpretationi

786 1360 1049 1423 sequens
1103 1335 1556 1416 λελάμπρυνται
1600 1334 1788 1414 κόρας.
1839 1330 2264 1411 Ἐξομματοῦν
2302 1357 2776 1420 nonnumquam
2823 1338 3028 1414 ὀμμα-

787 1457 922 1517 τοῦν
968 1452 1173 1514 valere
1218 1455 1474 1534 apparet
1521 1447 1744 1512 Aesch.
1794 1448 2004 1512 Prom.
2051 1451 2203 1513 498.

877 1564 1022 1628 Non
1071 1570 1277 1627 tamen
1326 1562 1493 1626 hisce
1540 1560 1826 1644 quaestio
1874 1559 1952 1624 ad
2001 1560 2185 1625 finem
2227 1562 2530 1647 perducta
2564 1569 2678 1628 est.
2720 1561 3037 1628 Videntur

793 1678 959 1741 enim
1029 1676 1177 1740 viris
1245 1676 1445 1740 doctis
1502 1675 1631 1739 duo
1690 1673 1864 1738 allati
1913 1697 2146 1754 versus,
2195 1677 2244 1739 si
2292 1677 2791 1761 coniunguntur,
2841 1677 3028 1742 alieni

793 1813 923 1853 esse
985 1812 1020 1851 a
1082 1787 1294 1852 sabula
1339 1788 1579 1852 Phineo
1626 1795 1691 1851 et
1736 1788 1884 1851 haee
1931 1796 2030 1853 est
2075 1810 2260 1853 eausa
2307 1812 2417 1854 cur
2463 1790 2731 1854 alterum
2778 1812 3026 1854 versum

794 1902 1030 1967 Phineo
1077 1901 1590 1967 abiudicaverint.
1639 1900 1733 1965 De
1779 1910 2150 1985 argumento
2195 1903 2551 1988 tragoediae
2599 1905 2794 1988 igitur
2832 1903 3040 1968 viden-

794 2015 943 2080 dum
992 2024 1106 2080 est.
1155 2015 1515 2080 Nonnullos
1563 2014 1796 2099 quibus
1840 2015 1940 2079 hic
1988 2039 2145 2102 opus
2191 2026 2285 2082 est
2330 2017 2495 2082 loc-os
2541 2020 2812 2083 afferam.

884 2130 1085 2194 Schol.
1158 2129 1369 2216 Apoll.
1433 2128 1555 2194 Rh.
1623 2128 1692 2192 ΙΙ
1759 2132 1884 2196 178
1914 2179 2107 2196 .....
2171 2133 2490 2211 πηρωθῆναι
2539 2133 2601 2197 δὲ
2645 2134 2823 2197 αὐτὸν
2872 2131 3041 2217 (Phi-

797 2246 1008 2327 neum)
1057 2242 1140 2309 ἔτι
1166 2293 1358 2315 .....
1407 2250 1721 2323 Σοφοκλῆς
1768 2243 1830 2307 δὲ
1875 2242 1960 2307 ἔτι
2006 2245 2138 2316 τοὺς
2187 2246 2250 2308 ἐκ
2298 2245 2680 2325 Κλεοπάτρας
2718 2246 2867 2318 υἱοὺς
2906 2244 3036 2310 ἐτύ-

797 2367 1033 2435 Φλωσεν
1058 2407 1246 2421 .....
1334 2356 1588 2429 πεισθεὶς
1666 2357 1978 2434 διαβολαῖς
2052 2360 2204 2431 Δίας
2273 2358 2526 2442 (Wagu.
2596 2358 2857 2445 Ἰδαίας)
2934 2368 3041 2433 τῆς

795 2474 985 2535 αὐτῶν
1034 2476 1333 2551 μητρυᾶς.
1389 2472 1532 2549 Quo
1579 2472 1714 2534 loco
1762 2472 1976 2535 drama
2023 2471 2331 2536 Phineum
2386 2474 2658 2558 respexit
2701 2472 3042 2537 Scholiasta

797 2607 919 2648 non
980 2584 1430 2669 TympanistaS,
1480 2585 1543 2649 in
1591 2607 1718 2668 quo
1763 2607 1884 2649 non
1935 2587 2065 2671 ipse
2114 2584 2389 2650 Phineus
2433 2587 2539 2651 sed
2587 2610 2848 2651 noverca
2894 2610 3044 2673 pue·

799 2721 895 2762 ros
942 2700 1307 2777 excaecavit,
1355 2699 1518 2763 sicut
1565 2700 1751 2762 etiam
1803 2701 2022 2783 Antig.
2076 2703 2203 2762 966
2248 2722 2381 2783 sqq.

889 2812 1288 2898 Asclepiades
1356 2813 1418 2876 in
1493 2812 1699 2877 Schol.
1764 2811 1885 2878 Od.
1951 2813 2080 2877 XII
2144 2818 2224 2877 69
2290 2814 2438 2879 haee
2485 2814 2678 2878 dicit:
2729 2814 2884 2894 ἔχων
2927 2816 3044 2894 γάρ

800 2927 1035 2998 παῖδας
1090 2929 1155 2991 ἐκ
1202 2926 1583 3006 Κλεοπάτρας
1627 2935 1737 2999 τῆς
1783 2927 1980 3006 Βορέου
2027 2926 2129 2992 καὶ
2179 2929 2488 3006 ε’πιγήμας
2536 2929 2823 3007 Εὐρυτίαν
2868 2929 3041 2993 δίδω·

799 3064 888 3103 σιν
933 3040 1145 3111 αὐτοὺς
1190 3049 1262 3118 τῇ
1312 3045 1562 3121 μητρυιᾷ
1609 3039 2042 3116 διαβληθέντας
2089 3042 2224 3120 πρὸς
2273 3042 2571 3120 αναίρεσιν.
2624 3041 2768 3112 Ζεὺς
2817 3039 2880 3104 δὲ
2916 3062 3041 3119 χα-

797 3153 1056 3225 λεπήνας
1101 3153 1263 3231 λέγει
1299 3155 1458 3233 αὐτῷ
1496 3152 1727 3233 πότερον
1766 3153 2049 3230 βούλεται
2086 3154 2400 3219 ἀποθανεῖν
2444 3154 2734 3234 ἣτυφλός
2759 3153 3044 3232 γενέσθαι·

800 3267 826 3331 ὁ
888 3267 950 3330 δὲ
1011 3266 1253 3345 αἱρεῖται
1299 3266 1385 3342 μη
1434 3267 1562 3346 ὂροῖν
1607 3269 1704 3331 τὸν
1753 3264 1926 3339 ἥλιον.
1979 3267 2418 3345 ἀγανακτήσας·
2466 3268 2527 3331 δὲ
2576 3267 2602 3330 o‘
2650 3265 2860 3339 Ἤλιος
2907 3267 3043 3345 Ἀρ-

800 3380 976 3451 πυίας
1037 3380 1356 3455 ἐπιπέμπει
1416 3381 1580 3460 αὐτῷ
1641 3378 1876 3453 αἵτινες,
1942 3379 2133 3445 εἴποτε
2177 3381 2385 3458 με’λλοι
2433 3381 2649 3453 ἐσθίειν,
2700 3382 2885 3444 αὐτοῦ
2932 3378 3045 3443 διέ-

804 3517 1059 3573 πρασσον
1128 3493 1245 3577 (τά
1306 3493 1602 3573 βρώματα
1659 3495 1845 3557 αὐτοῦ
1893 3493 2204 3573 διήρπαζον
2251 3493 2582 3577 Buttman)
2632 3492 3049 3570 ἐμβάλλουσαι

803 3606 1021 3687 Φθοράν
1066 3628 1220 3669 τινα·
1265 3604 1367 3668 καὶ
1415 3603 1591 3677 οὕτως
1641 3607 1840 3677 Φινεὺς
1892 3609 2241 3685 ἐτιμωρεῖτο.

895 3719 1100 3784 Schol.
1166 3719 1353 3805 Soph.
1418 3722 1570 3783 Ant.
1622 3722 1743 3782 981
1801 3719 1964 3783 κατὰ
2010 3719 2073 3783 δέ
2121 3744 2282 3792 τινας
2336 3721 2719 3805 (ἑπέγημεν)
2775 3719 3049 3783 Εἷδοθὲαν

804 3833 909 3905 την
955 3832 1201 3910 Κάδμου
1246 3832 1535 3911 ἀδελφὴν,
1578 3827 1647 3904 ἧς
1685 3830 1788 3895 καὶ
1831 3834 2012 3903 αὐτὸς
2054 3839 2364 3911 Σοφοκλῆς
2407 3831 2747 3909 μνημονεύει
2785 3834 2842 3895 ἐν
2870 3840 3048 3908 Τυμ-

805 3956 1146 4020 πανισταῖς,
1195 3946 1321 4019 ἥτις
1361 3945 1426 4021 ἐξ
1463 3947 1782 4023 ἐπιβουλῆς
1822 3949 2199 4025 τυφλώσασα
2238 3949 2369 4019 τοὺς
2410 3945 2791 4026 Κλεοπάτρας
2816 3946 3052 4017 παῖδας

804 4063 862 4126 ἐν
909 4060 1089 4139 τάφῳ
1136 4058 1444 4141 καθεῖρξεν.

897 4174 1108 4259 Apoll.
1157 4174 1190 4237 I
1240 4179 1298 4253 9,
1353 4177 1452 4237 21.
1500 4175 1804 4238 Ἐντεῦθεν
1852 4174 2213 4252 ἀναχθέντες
2261 4175 2707 4257 (Argonautae)
2755 4178 3054 4237 καταντῶ·

806 4310 895 4349 σιν
956 4288 1033 4358 εἷς
1093 4287 1197 4359 την
1258 4285 1490 4367 Θράκης
1548 4287 2005 4364 Σαλμυδησσὸν,
2067 4285 2200 4350 ἔνθα
2258 4288 2384 4367 ᾤκει
2435 4287 2634 4358 Φινεὺς
2679 4286 2896 4364 μάντις
2942 4285 3054 4356 τας

806 4398 967 4478 ὄψεις
1027 4401 1434 4481 πεπηρωμένος
1459 4450 1650 4465 .....
1715 4400 2000 4478 ἔπεμψαν
2062 4401 2124 4464 δὲ
2185 4403 2343 4480 αὐτῷ
2404 4400 2506 4464 καὶ
2553 4400 2666 4473 τάς
2712 4400 2961 4480 ἁρπυίας
3008 4399 3055 4463 οἱ

809 4512 918 4577 θεοὶ
965 4514 1083 4577 κτὲ.
