3875 5634
875 736 1000 799 188
1829 749 2063 794 namn.

829 940 989 1002 quae
1050 925 1260 981 tamen
1319 916 1634 999 tragoedia
1684 923 1822 1001 post
1869 914 2076 980 Ranas
2121 916 2373 981 demum
2421 917 2686 983 Athenis
2731 920 2913 985 docta
2957 929 3074 986 est.

830 1031 930 1096 Cf.
979 1053 1065 1093 VS.
1118 1032 1268 1094 311.
1320 1032 1469 1093 892.

918 1142 1015 1206 De
1061 1166 1177 1207 vss‚
1230 1145 1350 1208 101
1403 1152 1466 1208 et
1514 1146 1640 1207 102
1689 1143 1812 1208 vid.
1861 1143 1939 1209 ad
1988 1143 2235 1210 Thesm.
2285 1149 2433 1213 275.

838 1366 938 1431 Vs.
991 1360 1153 1431 105.
1226 1367 1313 1445 μὴ
1358 1369 1455 1433 τὸν
1499 1369 1638 1446 ἐμὸν
1684 1366 1816 1432 οἴκει
1863 1373 2010 1432 νοῦν·
2062 1368 2224 1449 ἔχεις
2269 1369 2384 1450 γάρ
2432 1370 2632 1435 οἰκίαν.

920 1481 1123 1546 Schol.
1170 1481 1268 1546 καὶ
1312 1488 1483 1547 τοῦτο
1527 1482 1689 1561 παρα
1733 1482 1799 1546 τὸ
1847 1484 1903 1545 ἐν
1957 1482 2379 1563 Ἀνδρομάχῃε

1231 1598 1317 1675 μὴ
1363 1599 1461 1662 τὸν
1504 1598 1643 1674 ἐμὸν
1691 1595 1823 1662 οἴκει
1874 1603 2022 1661 νοῦν·
2068 1599 2184 1675 ἐγὼ
2231 1598 2345 1678 γάρ
2391 1597 2632 1678 άρκέσω.

924 1711 1088 1776 Cum
1159 1710 1310 1775 haec
1378 1713 1444 1775 in
1516 1710 1946 1775 Andromache
2020 1733 2141 1775 non
2219 1710 2533 1796 legantur,
2596 1712 2653 1775 ἐν
2717 1712 3081 1796 ’Λνδρομέδᾳ

834 1825 1100 1889 coniecit
1165 1824 1492 1902 Matthiae,
1562 1846 1747 1908 quem
1811 1832 2063 1889 secutus
2126 1832 2221 1888 est
2280 1823 2470 1889 Dind.
2534 1826 2607 1889 fr.
2679 1828 2823 1889 145.
2875 1827 3080 1891 Aliter

835 1938 1139 2002 Fritsche.
1202 1937 1424 2002 Suidas
1485 1939 1652 2002 enim
1715 1938 1778 2001 in
1843 1961 1968 2001 voc.
2021 1938 2107 2015 μὴ
2153 1939 2250 2003 τὸν
2298 1939 2435 2016 ἐμὸν
2481 1940 2601 2003 κτέ.
2654 1939 2806 2003 haec
2852 1939 3076 2005 habet:

836 2051 1000 2125 παρὰ
1064 2052 1131 2115 τὸ
1193 2052 1250 2114 ἐν
1312 2051 1699 2131 Ἀνδρομάχῃ
1764 2053 1902 2131 Εῦρ.
1972 2050 2004 2123 ἣ
2054 2049 2229 2122 οὕτως
2280 2050 2513 2137 (Toupz
2559 2050 2699 2131 ἔχον
2745 2049 2942 2135 οὕτως)
2992 2054 3077 2130 μὴ

835 2165 932 2227 τὸν
1001 2165 1139 2241 ἐμὸν
1198 2163 1330 2228 οἴκει
1388 2170 1535 2228 νοῦν·
1595 2166 1710 2242 ἐγὼ
1775 2165 1889 2244 γαρ
1951 2165 2191 2244 άρκέσω,
2243 2166 2409 2228 unde
2455 2164 2646 2230 efficit
2692 2165 2792 2230 Fr.
2842 2166 3000 2231 duos
3044 2190 3080 2231 a

837 2279 1257 2362 grammaticis
1320 2279 1653 2363 permixtos
1719 2302 1850 2342 esse
1915 2255 2145 2356 versus,
2194 2279 2457 2342 alterum
2508 2302 2579 2343 ex
2628 2280 3079 2361 Andromache,

838 2415 923 2454 vs.
999 2393 1121 2454 ‘237
1197 2397 1330 2476 (aut
1404 2395 1571 2473 581),
1635 2392 1900 2456 alterum
1964 2415 2034 2454 ex
2097 2394 2333 2455 incerta
2394 2393 2731 2476 tragoedia,
2781 2400 2846 2456 et
2892 2393 3082 2457 huius

842 2505 1225 2569 confusionis
1276 2506 1534 2590 vestigia
1581 2507 1644 2569 in
1685 2513 1976 2591 corrupto
2018 2506 2243 2569 Suidae
2280 2506 2414 2569 loco
2453 2527 2791 2590 superesse,
2829 2506 2893 2569 in
2917 2506 3084 2571 scho-

843 2618 942 2682 liis
991 2620 1329 2684 evanuisse.
1379 2619 1535 2684 L'tra
1583 2622 1795 2706 opinio
1844 2630 2116 2706 praestet
2166 2621 2509 2685 diiudicare
2555 2643 2681 2684 non
2728 2622 2947 2685 ausim.

841 2844 949 2908 Vs.
1005 2836 1164 2906 184.
1236 2845 1404 2923 χαῖρ’
1448 2839 1488 2907 ὦ
1539 2843 1754 2924 Χάρων.

930 2957 1134 3022 Schol.
1209 2960 1538 3036 Δημήτριός
1605 2964 1786 3038 Φησιν
1843 2957 2106 3038 Ἀχαιοῦ
2168 2955 2295 3023 ὅλον
2355 2951 2497 3021 εἶναι
2554 2959 2619 3021 ἐκ
2663 2963 2765 3022 τοῦ
2814 2956 3077 3029 Αἵθωνος.

841 3071 1076 3149 λέγουσι
1137 3070 1190 3135 δ’
1262 3073 1409 3135 αὐτὸ
1471 3072 1518 3136 οἱ
1580 3071 1856 3152 Σάτυροιε
1920 3122 1959 3149 ,,
1978 3073 2148 3151 χαῖρ’
2198 3067 2238 3134 ὦ
2286 3070 2505 3151 Χάρων,
2553 3071 2720 3151 χαῖρ’
2773 3066 2814 3134 ὦ
2862 3069 3082 3151 Χάρων,

842 3184 1011 3265 χαῖρ’
1071 3181 1112 3248 ὦ
1159 3185 1375 3265 Χάρων,
1424 3180 1459 3259 ἦ
1506 3208 1617 3248 που
1665 3185 1891 3264 σφόδρα
1939 3186 2183 3261 θυμοῖ;”

932 3297 1197 3376 „Verba
1270 3300 1368 3362 vix
1429 3299 1730 3382 integra.’'
1795 3296 1880 3361 N.
1943 3298 2017 3362 fr.
2069 3298 2224 3362 Aeli.
2276 3302 2376 3363 11.
2425 3298 2560 3362 Iam
2608 3297 2872 3363 coniecit
2916 3296 3086 3361 scho-

841 3411 1022 3476 liasta
1085 3414 1394 3498 triplicem
1458 3413 1613 3477 hanc
1674 3412 1942 3477 salutem
2006 3411 2296 3498 DionySO‚
2359 3412 2673 3477 Xanthiae
2730 3420 2792 3476 et
2838 3418 3087 3476 mortuo

842 3525 1240 3590 tribuendam
1288 3550 1437 3591 esse.

849 3751 953 3816 Vs.
1008 3745 1169 3814 282.
1242 3752 1400 3814 οὐδὲν
1445 3751 1558 3830 γάρ
1605 3747 1747 3813 οὕτω
1795 3752 2004 3828 γαῦρόν
2050 3751 2165 3814 ἐσθ’
2212 3752 2286 3823 ὦς
2334 3752 2649 3831 Ἡρακλῆς.

939 3864 1142 3929 Schol.
1192 3865 1352 3943 παρὰ
1397 3869 1476 3927 τα
1521 3866 1586 3928 ἐκ
1636 3866 1992 3936 Φιλοκτήτου
2039 3866 2209 3943 Εὗρε

1250 3979 1409 4041 οὐδὲν
1455 3978 1570 4056 γάρ
1618 3975 1759 4040 οὕτω
1805 3983 2014 4056 γαῦρον
2061 3981 2133 4049 ὥς
2182 3977 2321 4049 άνὴο
2367 3976 2501 4057 ἔφυ.

935 4092 1039 4156 Fr.
1093 4093 1238 4154 736.
1289 4090 1492 4154 Verba
1540 4090 1775 4174 Ulyssis
1821 4114 1852 4153 e
1890 4090 2163 4175 prologO.
2209 4092 2514 4172 Queritur
2548 4092 2668 4169 hic,
2696 4099 2855 4156 teste
2888 4091 3088 4156 Dione

847 4204 1062 4290 Chrys.
1114 4228 1210 4290 ap.
1264 4204 1449 4268 Dind.
1500 4206 1574 4269 fr.
1611 4203 1749 4281 Ph.,
1800 4206 2128 4268 amentiam
2180 4205 2525 4283 hominum,
2571 4205 2681 4289 qui
2724 4228 2866 4270 cum
2906 4205 3093 4270 liceat

847 4321 1123 4404 quietam
1174 4342 1353 4404 agere
1392 4322 1599 4399 vitam,
1642 4319 1872 4383 maiora
1913 4343 2151 4405 semper
2183 4328 2412 4405 petunt
2437 4329 2502 4384 et
2526 4320 2807 4405 pericula
2832 4318 3088 4383 obeunt.

851 4546 958 4612 Vs.
1011 4538 1174 4609 297.
1248 4529 1408 4625 ἱερεῦ,
1458 4540 1823 4625 διαφύλαξόν
1869 4544 1962 4621 μ’,
2010 4540 2077 4605 ἵν’
2126 4538 2167 4606 ὦ
2214 4567 2298 4606 σοι
2346 4539 2656 4620 ξυμπότης
