3875 5634
813 723 907 793 '16
1666 747 2139 794 mannasses.

773 914 1037 993 toribus,
1100 915 1271 1001 quod
1333 915 1447 979 hoc
1505 915 1641 980 loco
1703 938 1849 981 eum
1907 916 2126 981 fecisse
2186 916 2592 1002 perspicuum
2657 920 2770 978 est.
2820 913 3038 980 Simile

774 1030 928 1115 quid
974 1030 1052 1095 de
1100 1053 1186 1094 vs.
1233 1032 1358 1094 461
1409 1027 1861 1095 observandum
1907 1035 2023 1095 est.
2079 1027 2300 1094 Verbis
2346 1079 2388 1108 „
2406 1027 2531 1107 abi,
2580 1027 2882 1093 molestus
2941 1025 3044 1092 es'’

774 1142 1108 1230 respondet
1167 1142 1306 1208 Dic.
1369 1140 1733 1222 „Nondum
1792 1144 1911 1208 scis
1970 1163 2161 1228 quam
2209 1141 2516 1207 molestus
2561 1140 2695 1228 ipse
2740 1139 2881 1220 sis'',
2929 1138 3037 1206 sed

772 1251 925 1324 baec
985 1281 1111 1323 non
1158 1258 1250 1322 ita
1294 1257 1535 1344 prolata
1581 1281 1712 1322 esse
1759 1264 1835 1322 ut
1878 1255 2241 1344 Euripides,
2291 1278 2485 1342 quem
2534 1253 2649 1320 sibi
2703 1253 3036 1321 conciliare

774 1371 1009 1452 studet,
1058 1394 1424 1460 responsum
1469 1372 1737 1450 audiret,
1788 1371 2199 1437 manifestum
2250 1378 2368 1435 est.

864 1484 1039 1551 Haec
1079 1485 1297 1571 igitur,
1337 1485 1692 1571 tragoediae
1733 1485 2075 1551 involucris
2112 1482 2399 1564 sublatis,
2440 1483 2652 1549 evadit
2689 1484 3039 1550 sententia:

777 1600 1115 1686 (Euripidi)
1188 1601 1438 1665 Gratias
1500 1601 1611 1664 tibi
1666 1622 1910 1683 maqnas
1972 1623 2100 1683 ayo.
2160 1597 2478 1683 (Theatro)
2548 1598 2869 1682 Praqoedia
2914 1620 3046 1665 vero

786 1715 1068 1798 Telephus
1112 1721 1339 1798 pereat.

778 1934 888 2002 Vs.
914 1929 1056 1999 455
1104 1937 1204 2003 Ad
1243 1938 1430 2005 verba
1465 1939 1760 2019 βούλομαι
1799 1941 1856 2006 δ’
1902 1938 2063 2019 ὅμως
2102 1940 2320 2019 λαβεῖν
2360 1938 2566 2004 Schol.
2606 1945 2888 2017 μιμεῖται
2922 1939 3019 2003 τὸν

776 2053 1082 2134 Εὐριπίδου
1128 2061 1486 2136 χαρακτῆρα
1530 2055 1612 2135 τῷ
1659 2057 1836 2135 λόγῳ,
1887 2062 1955 2119 et
1993 2053 2303 2120 Mueller:
2344 2103 2385 2133 „
2401 2053 2627 2118 Denuo
2661 2052 3029 2139 perstringit

777 2166 1146 2253 Euripidem
1208 2176 1462 2254 propter
1505 2169 1848 2233 sententias
1892 2168 2214 2255 eleganter
2260 2167 2379 2232 sibi
2429 2167 2741 2254 oppositas
2786 2166 2894 2233 sed
2942 2167 3040 2231 in-

776 2281 1039 2347 tellectu
1099 2280 1438 2348 carentes”.
1500 2280 1721 2356 Cuius,
1760 2283 1854 2348 rei
1918 2283 2205 2370 exempla
2263 2304 2388 2347 non
2452 2280 2715 2363 addidit,
2775 2289 2840 2345 et
2884 2303 3039 2345 num

777 2416 994 2459 verum
1065 2394 1292 2460 viderit
1355 2395 1684 2461 scholiasta
1753 2397 2155 2463 vehementer
2222 2397 2468 2462 dubito.
2539 2395 2807 2460 Minime
2875 2418 3037 2481 nego

775 2507 1043 2573 similem
1111 2508 1440 2574 verborum
1511 2510 1799 2594 syntaxin
1859 2511 1925 2574 in
1987 2510 2311 2597 Euripidis
2360 2510 2703 2596 tragoediis
2760 2508 3037 2596 reperiri,

777 2620 958 2686 velut
1004 2621 1199 2710 Hipp.
1251 2624 1417 2687 316:

1069 2746 1191 2802 TP.
1242 2761 1439 2816 αγνας
1483 2739 1612 2817 μὲν,
1659 2734 1703 2802 ὦ
1748 2746 1877 2812 παῖ,
1924 2746 2138 2821 χεῖρας
2186 2736 2446 2818 αἵματος
2493 2738 2729 2821 Φέρειςς

1069 2861 1201 2918 ΦΑ.
1251 2859 1448 2933 χεῖρες
1493 2853 1605 2930 μὲν
1650 2876 1859 2930 αγναι,
1909 2852 2063 2935 φρην
2110 2853 2162 2919 δ’
2211 2851 2341 2933 ἔχει
2389 2851 2640 2931 μίασμά
2686 2875 2762 2917 τι.

779 2973 846 3049 at
888 2966 1030 3050 quis
1076 2973 1173 3030 est
1216 2966 1327 3051 qui
1371 2966 1522 3031 talia
1565 2966 1755 3052 digna
1800 2966 2042 3033 iudicet
2085 2989 2248 3052 quae
2287 2965 2770 3053 improbentur?
2815 2964 3040 3051 Neque

778 3079 949 3168 apud
997 3103 1198 3145 unum
1243 3080 1607 3168 Euripidem
1655 3083 1963 3147 eiusmodi
2010 3083 2363 3148 sententiae
2410 3089 2771 3161 occurrunt,
2821 3104 3035 3146 verum

778 3194 950 3281 apud
1013 3193 1339 3281 plerosque
1395 3203 1628 3282 poetas.
1678 3195 1932 3262 Alludit
1979 3197 2089 3261 Ar.
2138 3195 2299 3261 Ran.
2353 3197 2523 3259 1425
2572 3196 2652 3261 ad
2695 3194 2870 3260 Ionis
2913 3217 3043 3259 ver·

778 3330 954 3372 sum:
1018 3314 1164 3391 σιγᾷ
1223 3309 1353 3388 μὲν,
1415 3308 1679 3392 ἐχθαίρει
1743 3312 1823 3385 δὲ,
1889 3311 2181 3390 βούλεταί
2224 3334 2299 3390 γε
2346 3312 2487 3391 μήν,
2539 3318 2603 3374 et
2648 3308 2865 3375 scribit
2908 3294 3041 3397 ipite

778 3423 1054 3488 comicus
1100 3424 1218 3489 Av.
1269 3425 1432 3489 124:

1116 3547 1246 3603 ΕΠ.
1296 3536 1502 3604 ἔπειτα
1551 3538 1730 3620 μείζω
1778 3545 1891 3605 τῶν
1942 3544 2218 3621 Κραναῶν
2262 3539 2465 3621 ζητεῖς
2512 3540 2714 3614 πόλινς

1117 3660 1246 3717 ET.
1294 3652 1474 3734 μείζω
1525 3654 1634 3731 μὲν
1680 3652 1841 3719 οὐδὲν
1887 3653 2366 3735 προσφορωτέραν
2414 3652 2477 3718 δέ
2524 3654 2646 3733 νῷν.

871 3762 965 3829 Cf.
1014 3763 1188 3829 Nub.
1238 3766 1387 3845 487,
1435 3764 1667 3851 quibus
1712 3767 1865 3832 locis
1911 3768 2167 3853 parodia
2212 3788 2341 3831 non
2387 3766 2572 3831 inest.
2623 3764 2892 3829 Fallitur
2929 3764 3041 3848 igi-

778 3885 888 3942 tur
955 3877 1304 3958 scholiasta,
1373 3887 1486 3944 aut
1543 3881 1679 3945 eius
1743 3880 2070 3945 annotatio
2130 3879 2208 3944 ad
2271 3879 2745 3965 praecedentem
2792 3899 3037 3941 versum

778 3991 1057 4076 pertinet
1101 3990 1180 4056 de
1227 4014 1353 4077 quo
1398 3993 1477 4058 ad
1526 3997 1653 4057 445
1703 3994 1852 4059 dixi.
1943 4034 1950 4039 ·

780 4210 891 4278 Vs.
940 4204 1107 4276 471.
1304 4250 1307 4255 ⁴
1503 4248 1509 4253 ·
1781 4243 1885 4283 και
1936 4218 2053 4299 γάρ
2099 4219 2218 4296 ειμ’
2268 4217 2434 4297 αγαν

1229 4331 1497 4412 ὀχληρὸς,
1542 4334 1606 4397 οὐ
1651 4332 1869 4397 δοκῶν
1873 4357 1956 4410 με
2000 4331 2289 4414 κοιράνους
2333 4355 2475 4410 ew)
2477 4338 2593 4395 εῖν.

867 4437 971 4504 Fr.
1024 4442 1171 4506 572.
1221 4442 1429 4509 Schol.
1479 4450 1672 4511 Τοῦτο
1714 4443 2134 4528 πεπαρῴδηται
2180 4445 2434 4523 ἀσήμως
2479 4440 2549 4519 ἐξ
2608 4441 2748 4509 otu:
2725 4466 2824 4515 ως
2869 4442 3040 4522 Εὐρι-

776 4553 962 4623 πίδου.
1011 4556 1039 4621 ὃ
1083 4558 1148 4623 δὲ
1191 4557 1542 4641 Σύμμαχος
1585 4584 1689 4626 και
1733 4562 1800 4627 ἐκ
1845 4559 2136 4643 Τηλέφου
2181 4558 2373 4643 Φησιν
2416 4556 2579 4624 αὐτό.
2630 4556 2727 4622 Ex
2765 4577 2892 4641 qua
2933 4576 3039 4619 an-
