3875 5634
1821 754 2195 801 PRAEFATIO.
2995 757 3095 804 vn

885 927 1121 1013 Magna
1189 924 1478 991 cautione
1537 924 1673 989 eius
1730 923 2038 989 iudicium
2099 921 2524 988 adhibendum
2581 946 2712 987 esse
2759 921 2867 989 ubi
2915 946 3121 989 rerum
3169 944 3174 957 ¹

888 1041 1249 1107 testimonia
1309 1061 1435 1104 non
1499 1038 1726 1119 adsint,
1776 1060 1849 1101 ex
1893 1037 1973 1101 iis
2019 1059 2181 1122 quae
2219 1035 2448 1102 Pericli
2494 1044 2559 1101 et
2605 1036 2840 1102 Socrati
2890 1038 3132 1103 crimini

890 1155 1065 1221 dedit
1110 1152 1270 1218 effici
1319 1159 1546 1240 potest,
1592 1153 1717 1217 imo
1767 1175 1799 1215 e
1846 1151 1999 1217 locis
2048 1173 2175 1216 non
2229 1151 2446 1237 paucis
2492 1158 2751 1237 apparet
2787 1173 2928 1215 eum
2977 1151 3139 1217 nihil

889 1268 1009 1334 sibi
1066 1268 1364 1332 illicitum
1426 1266 1676 1331 duxisse
1737 1287 1863 1350 quo
1920 1263 2176 1329 laudem
2237 1264 2615 1329 detrectaret
2677 1287 2803 1350 qua
2847 1265 2983 1330 eius
3026 1266 3142 1331 ini·

891 1383 1091 1448 micus
1146 1380 1491 1446 fruebatur.
1561 1378 1759 1444 Cuius
1822 1378 2104 1444 dramata
2161 1379 2381 1464 quanti
2444 1379 2908 1443 aestimaverint
2953 1380 3146 1444 Athe-

891 1497 1137 1563 nienses
1197 1496 1248 1561 si
1318 1517 1442 1560 non
1498 1490 1752 1560 aliunde
1807 1499 2030 1558 notum
2080 1500 2260 1560 ,esset
2308 1515 2382 1556 ex
2432 1490 2666 1557 acerbis
2711 1493 3145 1580 Aristophanis

890 1610 1162 1698 parodiis
1222 1609 1378 1674 disci
1434 1614 1659 1695 posset.
1709 1607 1854 1690 Quo
1898 1616 2115 1673 autem
2160 1608 2369 1672 animo
2416 1607 2754 1694 Euripides
2800 1607 2909 1673 has
2962 1597 3144 1674 cairil·

887 1724 1156 1790 lationes
1213 1722 1438 1788 tulerit
1495 1744 1623 1788 non
1692 1721 2004 1800 traditur;
2053 1721 2270 1786 fecisse
2314 1721 2568 1786 videtur
2616 1720 2787 1806 qnod
2833 1722 3143 1789 faciebant

890 1837 1176 1926 plerique
1232 1836 1341 1901 illa
1400 1843 1638 1901 aetate:
1709 1837 1864 1901 iram
1921 1833 2208 1900 cohibere
2271 1842 2336 1900 et
2390 1842 2631 1914 tacere;
2678 1858 2847 1901 unus
2890 1843 3143 1903 tantum

891 1957 1066 2016 extat
1144 1949 1318 2014 locus
1400 1946 1509 2014 ubi
1589 1948 1667 2013 de
1753 1949 2162 2035 protervitate
2245 1956 2575 2036 poetarum
2661 1945 2948 2033 queritur
3033 1934 3160 2037 qui‘

893 2112 933 2144 ‚,
948 2063 1208 2143 γέλωτος
1269 2060 1472 2128 οὕνεκα
1529 2063 1776 2128 ἀσκοῦσι
1835 2061 2095 2144 χάριτας
2152 2062 2504 2144 ’andaoni'
2566 2071 2630 2127 et
2696 2113 2738 2143 „
2754 2069 2951 2140 σοφῶν
3018 2065 3142 2147 πέρι

892 2177 1141 2257 ἀχάλιν’
1201 2174 1403 2255 ἔχουσι
1463 2175 1805 2254 στόματα”,
1877 2174 1954 2240 fr.
2019 2175 2257 2241 Melan.
2322 2173 2400 2240 V.
2465 2179 2549 2240 49
2560 2179 2617 2240 5.
2668 2177 3143 2264 Aristophanem

890 2298 1102 2356 tamen
1146 2289 1432 2376 parodias
1460 2311 1619 2353 suas
1668 2311 1792 2354 non
1841 2288 2076 2353 frustra
2119 2290 2435 2377 scripsisse
2474 2288 2704 2355 docent
2745 2293 2971 2356 mutati
3012 2315 3150 2379 pro·

898 2405 1025 2490 logi
1072 2403 1531 2488 tragoediarum
1577 2401 1887 2481 Archelai,
1938 2401 2175 2483 Phrixi,
2225 2402 2556 2488 Meleagri.

986 2517 1221 2582 Omnes
1261 2515 1374 2581 has
1404 2516 1692 2602 parodias
1715 2538 1813 2581 me
1837 2537 1962 2580 non
1986 2516 2296 2581 invenisse
2318 2516 2491 2582 ultro
2516 2517 2931 2603 intellegitur.
2972 2518 3146 2584 Diffi-

893 2631 1015 2696 cile
1071 2637 1166 2695 est
1222 2651 1326 2694 eas
1379 2652 1413 2694 e
1476 2629 1760 2717 partibus
1811 2628 2075 2695 choricis
2134 2637 2200 2694 et
2244 2629 2486 2695 melicis
2530 2653 2746 2696 eruere
2794 2629 2902 2696 ubi
2945 2655 3151 2718 neque

895 2745 1194 2810 sermonis
1227 2742 1492 2808 varietas
1530 2765 1734 2829 neque
1770 2743 2018 2808 numeri
2057 2742 2218 2808 viam
2260 2750 2625 2809 monstrant.
2672 2744 2844 2826 Quin
2868 2746 3056 2811 etiam
3081 2747 3150 2812 in

893 2857 1151 2922 senariis
1211 2854 1320 2922 ubi
1369 2856 1826 2922 decernendum
1874 2857 1960 2921 sit
2003 2856 2161 2942 quid
2205 2856 2561 2943 tragoediae
2605 2858 2688 2924 sit
2732 2858 3145 2940 reddendum,

898 2977 1081 3037 caute
1126 2969 1645 3057 progrediendum
1685 2977 1799 3036 est.
1841 2969 2088 3036 Scholia
2126 2971 2292 3036 enim
2329 2994 2707 3057 quamquam
2748 2996 2927 3060 saepe
2950 2996 3144 3060 quan·

897 3085 1048 3150 tivis
1126 3087 1279 3149 sunt
1361 3084 1568 3171 pretii,
1657 3106 1781 3150 non
1849 3107 1990 3149 raro
2057 3091 2273 3150 tacent
2340 3087 2743 3172 interrogata,
2817 3096 2894 3153 ut
2963 3113 3021 3154 v.
3095 3113 3170 3155 c.-

901 3198 969 3264 in
1029 3206 1339 3284 postrema
1397 3205 1574 3284 parte
1620 3197 1850 3264 Avium
1897 3220 1974 3263 ex
2022 3219 2149 3282 qua
2196 3197 2349 3263 mihi
2394 3199 2646 3265 videtur
2691 3201 2982 3288 Aeschyli
3031 3210 3152 3268 tra-

902 3313 1125 3398 goedia
1181 3311 1593 3377 Prometheus
1655 3312 1940 3394 πυρφόρος
1994 3303 2330 3398 pellucere,
2389 3320 2503 3377 aut
2547 3314 2614 3378 in
2658 3336 2925 3380 errorem
2971 3317 3150 3382 indu·

899 3432 1055 3491 cunt
1101 3424 1384 3504 lectores,
1433 3432 1507 3489 111,
1556 3425 1715 3490 Ach.
1765 3427 1915 3505 325,
1962 3423 2153 3511 Vesp.
2207 3427 2399 3508 1326,
2439 3426 2554 3490 Av.
2600 3427 2749 3509 348,
2795 3431 2987 3510 1242,
3026 3436 3139 3497 aut

901 3546 1193 3626 corrupta
1260 3545 1411 3604 sunt
1473 3546 1538 3604 et
1601 3540 1877 3618 confusa,
1937 3546 2015 3604 111,
2069 3538 2210 3604 Ran
2269 3542 2401 3604 465
2464 3562 2597 3626 sqq.
2648 3540 3008 3609 Cavendum
3057 3550 3151 3610 est

898 3652 1126 3719 deinde
1173 3675 1254 3718 ne
1299 3650 1502 3717 verbis
1551 3653 1771 3718 comici
1817 3660 2038 3739 poetae
2083 3654 2351 3719 alicuius
2395 3677 2609 3720 versus
2653 3655 2902 3722 subesse
2951 3666 3147 3725 statu·

901 3788 1081 3832 amus
1141 3764 1253 3830 ubi
1312 3765 1476 3830 nihil
1536 3767 1660 3832 nisi
1720 3766 1969 3832 dicendi
2020 3789 2221 3852 genus
2266 3767 2575 3846 imitatur,
2622 3768 2892 3854 denique
2934 3794 3013 3837 ne
3057 3773 3152 3838 ni-

900 3879 1026 3944 mio
1071 3879 1466 3966 parodiarum
1517 3880 2011 3966 indagandarum
2061 3880 2272 3946 studio
2308 3880 2478 3946 locos
2515 3881 2745 3965 quibus
2782 3884 2960 3949 nulla
2997 3886 3148 3952 insit

902 3991 1271 4074 indicemuS,
1328 3991 1560 4058 nubem
1620 3992 2068 4080 amplectentes
2128 4015 2242 4079 pro
2297 3993 2563 4059 Iunone.
2627 3993 2803 4075 Quos
2868 3998 3151 4083 scopulos

911 4107 1152 4171 evitare
1212 4106 1385 4172 nisus
1457 4128 1596 4171 sum
1610 4133 1629 4187 3
1695 4129 1773 4171 an
1839 4106 1989 4171 mihi
2035 4107 2371 4192 contigerit
2413 4108 2737 4194 peritiores
2781 4109 3149 4177 diiudicent.

1005 4219 1087 4286 In
1132 4221 1596 4307 computatione
1642 4242 1935 4286 versuum
1981 4229 2308 4308 poetarum
2347 4222 2733 4288 scenicarum
2771 4231 2836 4289 et
2857 4225 3163 4312 fragmen·

905 4341 1123 4399 torum
1174 4333 1611 4429 Aristophanis
1654 4341 1909 4401 secutus
1955 4356 2095 4399 sum
2143 4334 2453 4399 Dindorfii
2498 4336 2837 4403 editionem
2878 4336 3154 4426 Lipsien-

907 4470 1069 4529 sems
1101 4447 1410 4532 quintam,
1464 4447 1957 4532 fragmentorum
2017 4447 2404 4532 tragicorum
2462 4470 2793 4515 numerum
2862 4449 3159 4541 adscripsi

917 4582 995 4626 ex
1056 4559 1438 4626 editionibus
1496 4559 1805 4626 Dindorfii
1867 4560 1994 4647 (D.)
2055 4567 2121 4626 et
2174 4560 2453 4628 Nauckii
2515 4561 2673 4652 (N.),
2734 4564 3064 4652 lyricorum
3128 4592 3162 4636 e
