3875 5634
1893 730 2069 779 Aves.
2961 720 3043 782 99

843 897 1052 981 dente,
1115 907 1180 965 et
1225 898 1443 964 afferat
1485 898 1605 965 od.
1657 898 1714 964 X
1756 903 1903 981 507,
1954 899 2060 966 ubi
2099 900 2365 988 legimus
2417 902 2692 991 Ulyssem
2741 905 2818 972 ab
2869 908 3074 976 insula

843 1014 1055 1083 Circes
1114 1016 1463 1103 profectum
1524 1038 1647 1082 non
1711 1024 1925 1081 austro
1980 1017 2294 1104 navigasse
2352 1019 2458 1085 sed
2504 1021 2816 1105 aquilonc,
2869 1023 3082 1110 itaque

841 1130 1156 1216 regionem
1204 1131 1496 1217 petivisse
1541 1131 1707 1197 iuter
1751 1153 2039 1197 occasum
2090 1132 2236 1198 solis
2280 1142 2344 1199 et
2384 1134 2707 1202 meridiem
2735 1137 2937 1203 sitam.
2966 1138 3086 1206 Cui

840 1243 1180 1332 respondeo
1249 1245 1406 1311 hanc
1467 1268 1680 1311 revera
1737 1246 1926 1311 fuisse
1987 1247 2343 1333 opinionem
2402 1258 2622 1337 poetae
2669 1253 2778 1337 qui
2829 1254 3086 1320 Ne'xmaev

843 1361 1011 1439 fecit,
1062 1360 1208 1426 inde
1255 1384 1399 1426 vcro
1448 1385 1573 1426 nou
1618 1362 1796 1447 sequi
1843 1362 2220 1448 Aeschylum
2268 1386 2518 1450 quoque
2563 1365 2676 1431 hos
2724 1366 3089 1436 Cimmerios

843 1477 909 1541 iu
973 1475 1089 1542 hac
1148 1484 1456 1542 terrarum
1507 1484 1682 1564 parte
1730 1478 2025 1565 posuisse.
2080 1476 2435 1544 Mirandum
2486 1487 2581 1545 est
2626 1482 2905 1568 profecto
2949 1507 3093 1572 poe·

842 1601 969 1656 tam
1034 1593 1293 1667 Νεκυίαις
1340 1600 1557 1658 contra
1604 1592 1811 1657 omnia
1859 1603 2136 1659 veterum
2184 1594 2541 1661 testimonia
2586 1594 2951 1666 Cimmerios
2999 1601 3088 1666 in·

840 1707 1009 1774 colas
1064 1708 1355 1775 habuisse
1419 1709 1692 1795 regionis
1749 1710 2136 1776 occidentem
2183 1710 2377 1777 solem
2425 1714 2783 1799 spectantis,
2831 1723 2896 1781 et
2939 1738 3083 1782 cnm

842 1824 1095 1890 nullum
1164 1846 1425 1911 usquam
1496 1825 1611 1890 hac
1682 1826 1760 1890 de
1824 1848 1889 1891 re
1950 1827 2376 1893 testimonium
2440 1829 2786 1915 reperiatur
2844 1839 3090 1918 praeter

843 1940 1157 2027 Odysseae
1202 1940 1409 2007 locum
1459 1940 1744 2020 allatum,
1796 1941 2130 2007 verisimile
2167 1941 2319 2008 mihi
2360 1943 2609 2010 videtur
2648 1954 2892 2032 poetam
2934 1946 3090 2014 duas

841 2079 939 2122 res
998 2057 1272 2122 diversas
1331 2054 1685 2123 confudisse
1732 2064 1796 2122 et
1842 2057 2257 2137 coniunxisse,
2306 2057 2592 2126 tenebras
2638 2061 2977 2128 occidentis
3021 2070 3089 2129 et

837 2180 1084 2238 noctem
1135 2170 1616 2238 Cimmeriorum
1650 2170 1717 2257 ¹).

927 2285 1050 2353 Sed
1095 2293 1247 2352 utut
1294 2294 1407 2365 est,
1458 2298 1697 2353 certum
1746 2294 1844 2352 est
1883 2287 2258 2374 Aeschylum
2296 2287 2659 2358 Cimmerios
2696 2292 2938 2359 novisse
2963 2295 3080 2361 sub

834 2402 1367 2489 septentrionibus
1428 2401 1803 2482 habitantes,
1868 2401 2077 2469 Prom.
2145 2403 2269 2469 730
2286 2431 2306 2484 3
2353 2404 2535 2469 nulla
2579 2406 2775 2492 igitur
2821 2408 3081 2476 difficul-

833 2524 965 2582 tate
1013 2519 1319 2605 premitur
1365 2518 1724 2583 coniectura
1774 2517 2183 2604 Aeschylum,
2231 2519 2342 2604 qui
2387 2541 2463 2585 ex
2510 2518 2785 2586 Homero
2831 2533 3089 2590 noverat

841 2631 1123 2720 Ulyssem
1185 2633 1353 2698 hunc
1412 2634 1719 2720 populum
1766 2634 2012 2712 adiisse,
2059 2634 2136 2698 de
2181 2635 2341 2699 veris
2388 2633 2741 2702 Cimmeriis
2785 2640 3087 2724 cogitasse

836 2756 901 2813 et
962 2747 1314 2814 Cimmerici
1361 2749 1810 2830 ψυχομαντείου
1856 2750 1921 2814 in
1969 2748 2323 2815 Promethei
2370 2751 2616 2818 casibus
2662 2752 3084 2823 describendis

838 2865 1220 2930 mentionem
1266 2864 1501 2929 fecisse.

927 2978 1108 3062 Quae
1132 2980 1185 3045 si
1209 2979 1589 3061 admittitur,
1613 2980 1814 3059 λίμνη,
1842 3003 1930 3046 vs.
1962 2982 2130 3046 1553
2161 2981 2414 3060 Avium,
2437 2983 2774 3070 respondet
2791 2985 3081 3074 Aeschyli

834 3095 1014 3177 λίμνῃ
1072 3117 1262 3182 prope
1306 3094 1617 3161 Isthmum
1666 3094 2106 3162 Cimmericnm
2159 3097 2267 3183 qui
2317 3097 2507 3163 etiam
2547 3097 2758 3166 Prom.
2810 3103 2843 3167 7
2854 3104 2934 3166 29
2985 3125 3083 3170 oc·

835 3210 1055 3291 currit,
1117 3215 1182 3275 et
1238 3209 1569 3285 Σκιάποόες
1634 3209 1952 3277 detortum
2005 3218 2099 3276 est
2136 3210 2459 3298 epitheton
2507 3211 2782 3299 ipsorum
2824 3214 3087 3284 Cimme-

834 3322 1070 3389 riorum
1115 3323 1228 3409 qui
1274 3324 1337 3388 in
1387 3321 1606 3390 umbra
1648 3332 1714 3390 et
1750 3323 2022 3390 tenebris
2060 3326 2250 3391 vitam
2290 3326 2532 3412 degunt
2568 3326 2680 3409 ἠέρι
2715 3327 2821 3394 καὶ
2861 3330 3081 3414 νεφέλῃ

832 3439 1285 3518 κεκαλυμμέναι.
1366 3437 1650 3504 Fortasse
1724 3447 2075 3514 σκικπόλους
2149 3463 2253 3506 cos
2312 3441 2650 3528 appellavit
2716 3445 3079 3532 Aeschylus,

830 3555 996 3620 sicut
1041 3553 1313 3620 Bacchas
1359 3554 1736 3628 νυκτιπόλους
1780 3553 2135 3642 EuripideS,
2176 3556 2321 3622 ·Ion.
2376 3559 2522 3623 718.

924 3667 1167 3733 Deinde
1222 3669 1291 3734 iu
1345 3655 1645 3755 ‘Aeschyli
1690 3670 2010 3757 tragoedia
2056 3693 2182 3736 non
2229 3670 2501 3750 κάμηλον
2545 3674 2859 3760 iugulavit
2906 3676 3084 3764 Ulys-

830 3807 924 3848 ses
993 3783 1101 3850 sed
1171 3791 1377 3862 μῆλον,
1450 3784 1528 3848 ad
1591 3785 1772 3849 cuius
1833 3786 2202 3870 sanguinem
2268 3810 2408 3853 cum
2481 3790 2722 3856 animae
2794 3793 3082 3860 accedere

831 3907 1135 3986 cuperent
1180 3898 1324 3985 (Od.
1373 3898 1470 3964 XI
1518 3903 1649 3985 50),
1698 3923 1878 3965 versu
1927 3904 2097 3967 1563
2146 3902 2557 3986 desideratur,
2594 3905 2645 3971 si
2685 3906 2838 3990 quid
2879 3909 3079 3990 videO,

832 4011 1206 4080 vocabulum
1246 4009 1421 4093 αἷμα.
1460 4013 1801 4081 Levissima
1840 4025 1934 4081 est
1973 4017 2328 4084 emendatio
2360 4017 2618 4083 Kusteri
2658 4042 2771 4107 pro
2793 4023 2859 4088 τὸ
2880 4031 3081 4101 λαῖμα

902 4230 937 4287 ¹)
972 4228 1020 4277 J.
1060 4228 1116 4278 B.
1153 4226 1433 4277 Friedreich
1470 4227 1695 4288 (Realien
1731 4229 1763 4278 i.
1798 4228 1843 4281 d.
1882 4230 1944 4281 11.
1981 4246 2026 4280 u.
2063 4230 2150 4280 Od.
2189 4248 2234 4298 p.
2274 4230 2380 4293 57):
2423 4231 2587 4290 „Dus
2618 4230 2697 4282 die
2734 4232 3080 4286 kimmerisehe

833 4319 1036 4378 „Nacht
1079 4320 1168 4369 aus
1206 4317 1299 4369 den
1344 4325 1619 4371 iussersten
1673 4321 1873 4372 Norden
1907 4320 1994 4373 der
2027 4322 2154 4374 Erde
2188 4323 2439 4381 hinweise,
2481 4324 2544 4373 ist
2583 4324 2722 4375 nicht
2754 4343 2814 4375 zu
2849 4326 3081 4392 liugnen,

830 4411 971 4472 „und
1007 4429 1122 4463 man
1157 4413 1287 4462 kann
1323 4412 1597 4478 allerdings
1632 4414 1935 4473 vermuthen‚
1975 4415 2061 4466 das
2094 4415 2200 4468 dem
2239 4416 2445 4467 Dichter
2478 4418 2586 4468 eine
2617 4418 2800 4469 dunkle
2830 4421 2952 4486 Snge
2986 4439 3079 4473 von

830 4505 957 4565 „der
1007 4507 1228 4557 mehrere
1281 4507 1517 4557 Monaten
1575 4506 1817 4558 dauernde
1854 4508 2017 4559 Nacht
2055 4509 2417 4575 vorgeschwebt
2450 4510 2589 4571 habe,
2626 4512 2753 4563 ohne
2788 4513 2898 4564 dass
2932 4533 2985 4567 er
3017 4534 3082 4568 an

829 4600 952 4659 ¹‚rin
989 4600 1296 4652 bestimmten
1330 4599 1469 4652 Land
1507 4600 1737 4653 daehte.”
