<?xml version="1.0" encoding="UTF-8"?>
<!DOCTYPE html PUBLIC "-//W3C//DTD XHTML 1.0 Transitional//EN"
    "http://www.w3.org/TR/xhtml1/DTD/xhtml1-transitional.dtd">
<html xmlns="http://www.w3.org/1999/xhtml" xml:lang="en" lang="en">
 <head>
  <title>
</title>
<meta http-equiv="Content-Type" content="text/html;charset=utf-8" />
  <meta name='ocr-system' content='tesseract 3.04.00' />
  <meta name='ocr-capabilities' content='ocr_page ocr_carea ocr_par ocr_line ocrx_word'/>
</head>
<body>
  <div class='ocr_page' id='page_1' title='image "./deparodiaincomo03bakhgoog_0086.png"; bbox 0 0 3875 5634; ppageno 0'>
   <div class='ocr_carea' id='block_1_1' title="bbox 920 664 2126 723">
    <p class='ocr_par' dir='ltr' id='par_1_1' title="bbox 920 664 2126 723">
     <span class='ocr_line' id='line_1_1' title="bbox 920 664 2126 723; baseline -0.003 0"><span class='ocrx_word' id='word_1_1' title='bbox 920 664 1003 723; x_wconf 77' lang='lat'><strong>50</strong></span> <span class='ocrx_word' id='word_1_2' title='bbox 1906 675 2126 721; x_wconf 68' lang='lat' dir='ltr'><strong>stas.</strong></span> 
     </span>
    </p>
   </div>
   <div class='ocr_carea' id='block_1_2' title="bbox 869 844 3150 4565">
    <p class='ocr_par' dir='ltr' id='par_1_2' title="bbox 878 844 3150 1613">
     <span class='ocr_line' id='line_1_2' title="bbox 878 844 3150 929; baseline -0 -19"><span class='ocrx_word' id='word_1_3' title='bbox 878 868 1105 923; x_wconf 70' lang='lat' dir='ltr'><strong>„oense</strong></span> <span class='ocrx_word' id='word_1_4' title='bbox 1164 858 1281 923; x_wconf 74' lang='lat' dir='ltr'><strong>est,</strong></span> <span class='ocrx_word' id='word_1_5' title='bbox 1344 847 1397 909; x_wconf 84' lang='lat' dir='ltr'><strong>si</strong></span> <span class='ocrx_word' id='word_1_6' title='bbox 1452 845 1583 909; x_wconf 90' lang='lat' dir='ltr'><strong>duo</strong></span> <span class='ocrx_word' id='word_1_7' title='bbox 1638 844 1925 907; x_wconf 69' lang='lat' dir='ltr'><strong>hominoe</strong></span> <span class='ocrx_word' id='word_1_8' title='bbox 1973 856 2106 906; x_wconf 79' lang='lat' dir='ltr'><strong>tam</strong></span> <span class='ocrx_word' id='word_1_9' title='bbox 2155 844 2432 929; x_wconf 71' lang='lat' dir='ltr'><strong>dispares</strong></span> <span class='ocrx_word' id='word_1_10' title='bbox 2477 846 2736 929; x_wconf 79' lang='lat' dir='ltr'><strong>ingemi,</strong></span> <span class='ocrx_word' id='word_1_11' title='bbox 2784 867 2972 928; x_wconf 82' lang='lat' dir='ltr'><strong>quam</strong></span> <span class='ocrx_word' id='word_1_12' title='bbox 3018 846 3150 909; x_wconf 79' lang='lat' dir='ltr'><strong>fue-</strong></span> 
     </span>
     <span class='ocr_line' id='line_1_3' title="bbox 880 956 3150 1043; baseline -0 -20"><span class='ocrx_word' id='word_1_13' title='bbox 880 978 1093 1039; x_wconf 85' lang='lat' dir='ltr'><strong>„runt</strong></span> <span class='ocrx_word' id='word_1_14' title='bbox 1158 958 1539 1023; x_wconf 74' lang='lat' dir='ltr'><strong>Heliodorus</strong></span> <span class='ocrx_word' id='word_1_15' title='bbox 1602 970 1667 1022; x_wconf 85' lang='lat' dir='ltr'><strong>et</strong></span> <span class='ocrx_word' id='word_1_16' title='bbox 1730 956 2352 1041; x_wconf 78' lang='lat' dir='ltr'><strong>Pseudo-Gregorius</strong></span> <span class='ocrx_word' id='word_1_17' title='bbox 2415 957 2634 1021; x_wconf 79' lang='lat' dir='ltr'><strong>iisdem</strong></span> <span class='ocrx_word' id='word_1_18' title='bbox 2679 960 2902 1043; x_wconf 79' lang='lat' dir='ltr'><strong>tragici</strong></span> <span class='ocrx_word' id='word_1_19' title='bbox 2947 957 3150 1022; x_wconf 69' lang='lat' dir='ltr'><strong>verbis</strong></span> 
     </span>
     <span class='ocr_line' id='line_1_4' title="bbox 880 1068 3144 1158; baseline -0 -22"><span class='ocrx_word' id='word_1_20' title='bbox 880 1074 1007 1151; x_wconf 87' lang='lat' dir='ltr'><strong>„in</strong></span> <span class='ocrx_word' id='word_1_21' title='bbox 1066 1072 1327 1136; x_wconf 67' lang='lat' dir='ltr'><strong>andem</strong></span> <span class='ocrx_word' id='word_1_22' title='bbox 1392 1071 1717 1158; x_wconf 56' lang='lat' dir='ltr'><strong>perediam</strong></span> <span class='ocrx_word' id='word_1_23' title='bbox 1763 1070 2288 1135; x_wconf 80' lang='lat' dir='ltr'><strong>abuterentur.”.</strong></span> <span class='ocrx_word' id='word_1_24' title='bbox 2315 1120 2377 1133; x_wconf 92' lang='lat'><strong>..</strong></span> <span class='ocrx_word' id='word_1_25' title='bbox 2405 1119 2424 1132; x_wconf 86' lang='lat'><strong>.</strong></span> <span class='ocrx_word' id='word_1_26' title='bbox 2452 1120 2470 1133; x_wconf 93' lang='lat'><strong>.</strong></span> <span class='ocrx_word' id='word_1_27' title='bbox 2519 1068 2790 1150; x_wconf 81' lang='lat' dir='ltr'><strong>„Quare</strong></span> <span class='ocrx_word' id='word_1_28' title='bbox 2834 1072 3144 1147; x_wconf 76' lang='lat' dir='ltr'><strong>existimo,</strong></span> 
     </span>
     <span class='ocr_line' id='line_1_5' title="bbox 884 1184 3145 1271; baseline -0.001 -21"><span class='ocrx_word' id='word_1_29' title='bbox 884 1185 1315 1271; x_wconf 78' lang='lat' dir='ltr'><strong>„Euripidem</strong></span> <span class='ocrx_word' id='word_1_30' title='bbox 1384 1185 1593 1270; x_wconf 82' lang='lat' dir='ltr'><strong>primo</strong></span> <span class='ocrx_word' id='word_1_31' title='bbox 1652 1186 1976 1270; x_wconf 70' lang='lat' dir='ltr'><strong>scripsisse</strong></span> <span class='ocrx_word' id='word_1_32' title='bbox 2034 1184 2206 1268; x_wconf 88' lang='lat' dir='ltr'><strong>quod</strong></span> <span class='ocrx_word' id='word_1_33' title='bbox 2269 1186 2336 1248; x_wconf 86' lang='lat' dir='ltr'><strong>in</strong></span> <span class='ocrx_word' id='word_1_34' title='bbox 2397 1185 2674 1268; x_wconf 75' lang='lat' dir='ltr'><strong>margine</strong></span> <span class='ocrx_word' id='word_1_35' title='bbox 2733 1185 2916 1270; x_wconf 82' lang='lat' dir='ltr'><strong>posui</strong></span> <span class='ocrx_word' id='word_1_36' title='bbox 2975 1185 3042 1267; x_wconf 87' lang='lat' dir='ltr'><strong>(i.</strong></span> <span class='ocrx_word' id='word_1_37' title='bbox 3089 1208 3145 1248; x_wconf 70' lang='lat' dir='ltr'><strong>e-</strong></span> 
     </span>
     <span class='ocr_line' id='line_1_6' title="bbox 886 1297 3143 1384; baseline 0 -21"><span class='ocrx_word' id='word_1_38' title='bbox 886 1302 1215 1381; x_wconf 63' lang='lat'><strong>„75&#39;721333</strong></span> <span class='ocrx_word' id='word_1_39' title='bbox 1254 1299 1503 1377; x_wconf 88' lang='lat' dir='ltr'><strong>deinde,</strong></span> <span class='ocrx_word' id='word_1_40' title='bbox 1541 1297 1623 1362; x_wconf 84' lang='lat' dir='ltr'><strong>ab</strong></span> <span class='ocrx_word' id='word_1_41' title='bbox 1648 1297 2072 1383; x_wconf 70' lang='lat' dir='ltr'><strong>Aristophane</strong></span> <span class='ocrx_word' id='word_1_42' title='bbox 2099 1314 2354 1383; x_wconf 74' lang='lat' dir='ltr'><strong>propter</strong></span> <span class='ocrx_word' id='word_1_43' title='bbox 2376 1298 2692 1362; x_wconf 81' lang='lat' dir='ltr'><strong>duriorem</strong></span> <span class='ocrx_word' id='word_1_44' title='bbox 2715 1298 3143 1384; x_wconf 81' lang='lat' dir='ltr'><strong>metaphoram</strong></span> 
     </span>
     <span class='ocr_line' id='line_1_7' title="bbox 882 1409 3148 1496; baseline -0.001 -18"><span class='ocrx_word' id='word_1_45' title='bbox 882 1415 1009 1491; x_wconf 85' lang='lat' dir='ltr'><strong>„in</strong></span> <span class='ocrx_word' id='word_1_46' title='bbox 1070 1436 1253 1477; x_wconf 76' lang='lat' dir='ltr'><strong>scena</strong></span> <span class='ocrx_word' id='word_1_47' title='bbox 1310 1413 1679 1477; x_wconf 80' lang='lat' dir='ltr'><strong>traductum</strong></span> <span class='ocrx_word' id='word_1_48' title='bbox 1728 1412 2052 1496; x_wconf 71' lang='lat' dir='ltr'><strong>vulgatam</strong></span> <span class='ocrx_word' id='word_1_49' title='bbox 2100 1411 2430 1475; x_wconf 83' lang='lat' dir='ltr'><strong>lectionem</strong></span> <span class='ocrx_word' id='word_1_50' title='bbox 2479 1409 2880 1475; x_wconf 75' lang='lat' dir='ltr'><strong>substituisse</strong></span> <span class='ocrx_word' id='word_1_51' title='bbox 2929 1421 3008 1476; x_wconf 89' lang='lat' dir='ltr'><strong>ut</strong></span> <span class='ocrx_word' id='word_1_52' title='bbox 3050 1434 3148 1476; x_wconf 79' lang='lat' dir='ltr'><strong>su·</strong></span> 
     </span>
     <span class='ocr_line' id='line_1_8' title="bbox 884 1526 1289 1613; baseline -0.002 -23"><span class='ocrx_word' id='word_1_53' title='bbox 884 1550 1052 1613; x_wconf 80' lang='lat' dir='ltr'><strong>„pra</strong></span> <span class='ocrx_word' id='word_1_54' title='bbox 1096 1526 1289 1590; x_wconf 52' lang='lat'><strong>300!</strong></span> 
     </span>
    </p>

    <p class='ocr_par' dir='ltr' id='par_1_3' title="bbox 880 1637 3146 2296">
     <span class='ocr_line' id='line_1_9' title="bbox 975 1637 3144 1705; baseline -0.001 0"><span class='ocrx_word' id='word_1_55' title='bbox 975 1645 1065 1705; x_wconf 79' lang='lat' dir='ltr'><strong>At</strong></span> <span class='ocrx_word' id='word_1_56' title='bbox 1135 1640 1287 1705; x_wconf 80' lang='lat' dir='ltr'><strong>haec</strong></span> <span class='ocrx_word' id='word_1_57' title='bbox 1332 1641 1562 1704; x_wconf 83' lang='lat' dir='ltr'><strong>summi</strong></span> <span class='ocrx_word' id='word_1_58' title='bbox 1610 1640 1729 1704; x_wconf 73' lang='lat' dir='ltr'><strong>viri</strong></span> <span class='ocrx_word' id='word_1_59' title='bbox 1776 1640 2142 1703; x_wconf 79' lang='lat' dir='ltr'><strong>coniectura</strong></span> <span class='ocrx_word' id='word_1_60' title='bbox 2189 1661 2312 1702; x_wconf 89' lang='lat' dir='ltr'><strong>non</strong></span> <span class='ocrx_word' id='word_1_61' title='bbox 2363 1637 2613 1702; x_wconf 83' lang='lat' dir='ltr'><strong>tollitur</strong></span> <span class='ocrx_word' id='word_1_62' title='bbox 2657 1637 2996 1702; x_wconf 73' lang='lat' dir='ltr'><strong>difficultas</strong></span> <span class='ocrx_word' id='word_1_63' title='bbox 3039 1639 3144 1703; x_wconf 76' lang='lat' dir='ltr'><strong>sed</strong></span> 
     </span>
     <span class='ocr_line' id='line_1_10' title="bbox 882 1751 3146 1830; baseline -0.001 -11"><span class='ocrx_word' id='word_1_64' title='bbox 882 1756 945 1819; x_wconf 92' lang='lat' dir='ltr'><strong>in</strong></span> <span class='ocrx_word' id='word_1_65' title='bbox 1004 1755 1203 1819; x_wconf 81' lang='lat' dir='ltr'><strong>alium</strong></span> <span class='ocrx_word' id='word_1_66' title='bbox 1266 1754 1473 1819; x_wconf 89' lang='lat' dir='ltr'><strong>locum</strong></span> <span class='ocrx_word' id='word_1_67' title='bbox 1528 1755 1927 1819; x_wconf 81' lang='lat' dir='ltr'><strong>transfertur.</strong></span> <span class='ocrx_word' id='word_1_68' title='bbox 1989 1751 2384 1830; x_wconf 59' lang='lat' dir='ltr'><strong>Vombulum</strong></span> <span class='ocrx_word' id='word_1_69' title='bbox 2441 1754 2652 1829; x_wconf 59' lang='grc' dir='ltr'><strong>λέγι-υς</strong></span> <span class='ocrx_word' id='word_1_70' title='bbox 2707 1751 2972 1817; x_wconf 69' lang='lat' dir='ltr'><strong>Mede-0</strong></span> <span class='ocrx_word' id='word_1_71' title='bbox 3017 1775 3146 1817; x_wconf 73' lang='lat' dir='ltr'><strong>ora·</strong></span> 
     </span>
     <span class='ocr_line' id='line_1_11' title="bbox 882 1865 3145 1955; baseline 0 -24"><span class='ocrx_word' id='word_1_72' title='bbox 882 1870 1041 1933; x_wconf 86' lang='lat' dir='ltr'><strong>tioni</strong></span> <span class='ocrx_word' id='word_1_73' title='bbox 1090 1882 1217 1932; x_wconf 81' lang='lat' dir='ltr'><strong>tam</strong></span> <span class='ocrx_word' id='word_1_74' title='bbox 1268 1891 1487 1954; x_wconf 71' lang='lat' dir='ltr'><strong>parum</strong></span> <span class='ocrx_word' id='word_1_75' title='bbox 1528 1882 1751 1955; x_wconf 74' lang='lat' dir='ltr'><strong>aptum</strong></span> <span class='ocrx_word' id='word_1_76' title='bbox 1790 1876 1883 1932; x_wconf 68' lang='lat' dir='ltr'><strong>est</strong></span> <span class='ocrx_word' id='word_1_77' title='bbox 1928 1878 2004 1931; x_wconf 92' lang='lat' dir='ltr'><strong>ut</strong></span> <span class='ocrx_word' id='word_1_78' title='bbox 2045 1867 2202 1931; x_wconf 89' lang='lat' dir='ltr'><strong>mihi</strong></span> <span class='ocrx_word' id='word_1_79' title='bbox 2241 1865 2611 1952; x_wconf 84' lang='lat' dir='ltr'><strong>persuadere</strong></span> <span class='ocrx_word' id='word_1_80' title='bbox 2635 1889 2940 1951; x_wconf 76' lang='lat' dir='ltr'><strong>nequeam</strong></span> <span class='ocrx_word' id='word_1_81' title='bbox 2966 1866 3145 1932; x_wconf 85' lang='lat' dir='ltr'><strong>Euri·</strong></span> 
     </span>
     <span class='ocr_line' id='line_1_12' title="bbox 882 1981 3142 2069; baseline 0 -25"><span class='ocrx_word' id='word_1_82' title='bbox 882 1983 1089 2069; x_wconf 84' lang='lat' dir='ltr'><strong>pidem</strong></span> <span class='ocrx_word' id='word_1_83' title='bbox 1140 1983 1229 2044; x_wconf 80' lang='lat' dir='ltr'><strong>ita</strong></span> <span class='ocrx_word' id='word_1_84' title='bbox 1274 1983 1613 2067; x_wconf 71' lang='lat' dir='ltr'><strong>scripsisse,</strong></span> <span class='ocrx_word' id='word_1_85' title='bbox 1661 1982 1781 2046; x_wconf 84' lang='lat' dir='ltr'><strong>nisi</strong></span> <span class='ocrx_word' id='word_1_86' title='bbox 1828 1990 2186 2044; x_wconf 71' lang='lat' dir='ltr'><strong>statuamus</strong></span> <span class='ocrx_word' id='word_1_87' title='bbox 2237 2003 2382 2043; x_wconf 90' lang='lat' dir='ltr'><strong>eum</strong></span> <span class='ocrx_word' id='word_1_88' title='bbox 2431 1991 2634 2045; x_wconf 85' lang='lat' dir='ltr'><strong>totum</strong></span> <span class='ocrx_word' id='word_1_89' title='bbox 2676 1981 2882 2045; x_wconf 91' lang='lat' dir='ltr'><strong>locum</strong></span> <span class='ocrx_word' id='word_1_90' title='bbox 2923 1982 3069 2046; x_wconf 88' lang='lat' dir='ltr'><strong>inde</strong></span> <span class='ocrx_word' id='word_1_91' title='bbox 3103 2005 3142 2045; x_wconf 85' lang='lat' dir='ltr'><strong>a</strong></span> 
     </span>
     <span class='ocr_line' id='line_1_13' title="bbox 881 2092 3136 2175; baseline 0 -16"><span class='ocrx_word' id='word_1_92' title='bbox 881 2119 967 2160; x_wconf 77' lang='lat' dir='ltr'><strong>vs.</strong></span> <span class='ocrx_word' id='word_1_93' title='bbox 1031 2099 1203 2159; x_wconf 76' lang='lat'><strong>1306</strong></span> <span class='ocrx_word' id='word_1_94' title='bbox 1250 2099 1589 2160; x_wconf 72' lang='lat' dir='ltr'><strong>mutavisse</strong></span> <span class='ocrx_word' id='word_1_95' title='bbox 1639 2108 1715 2160; x_wconf 87' lang='lat' dir='ltr'><strong>ut</strong></span> <span class='ocrx_word' id='word_1_96' title='bbox 1755 2099 1837 2175; x_wconf 70' lang='grc' dir='ltr'><strong>τᾷ·</strong></span> <span class='ocrx_word' id='word_1_97' title='bbox 1884 2098 2100 2172; x_wconf 61' lang='grc' dir='ltr'><strong>λόγους</strong></span> <span class='ocrx_word' id='word_1_98' title='bbox 2143 2092 2402 2159; x_wconf 74' lang='lat' dir='ltr'><strong>verbum</strong></span> <span class='ocrx_word' id='word_1_99' title='bbox 2453 2094 2655 2167; x_wconf 57' lang='grc' dir='ltr'><strong>πόλις</strong></span> <span class='ocrx_word' id='word_1_100' title='bbox 2702 2094 3136 2174; x_wconf 75' lang='lat' dir='ltr'><strong>substitueret,</strong></span> 
     </span>
     <span class='ocr_line' id='line_1_14' title="bbox 880 2210 1767 2296; baseline 0.001 -23"><span class='ocrx_word' id='word_1_101' title='bbox 880 2210 1047 2296; x_wconf 87' lang='lat' dir='ltr'><strong>quod</strong></span> <span class='ocrx_word' id='word_1_102' title='bbox 1096 2232 1219 2273; x_wconf 89' lang='lat' dir='ltr'><strong>non</strong></span> <span class='ocrx_word' id='word_1_103' title='bbox 1268 2211 1607 2275; x_wconf 75' lang='lat' dir='ltr'><strong>verisimile</strong></span> <span class='ocrx_word' id='word_1_104' title='bbox 1653 2220 1767 2274; x_wconf 64' lang='lat' dir='ltr'><strong>ost</strong></span> 
     </span>
    </p>

    <p class='ocr_par' dir='ltr' id='par_1_4' title="bbox 877 2321 3140 3434">
     <span class='ocr_line' id='line_1_15' title="bbox 972 2321 3140 2405; baseline 0.001 -21"><span class='ocrx_word' id='word_1_105' title='bbox 972 2322 1141 2387; x_wconf 73' lang='lat' dir='ltr'><strong>Weil</strong></span> <span class='ocrx_word' id='word_1_106' title='bbox 1204 2324 1281 2388; x_wconf 91' lang='lat' dir='ltr'><strong>ad</strong></span> <span class='ocrx_word' id='word_1_107' title='bbox 1344 2323 1517 2388; x_wconf 77' lang='lat' dir='ltr'><strong>Med.</strong></span> <span class='ocrx_word' id='word_1_108' title='bbox 1584 2327 1782 2402; x_wconf 75' lang='lat'><strong>1317,</strong></span> <span class='ocrx_word' id='word_1_109' title='bbox 1840 2326 1903 2387; x_wconf 83' lang='lat' dir='ltr'><strong>in</strong></span> <span class='ocrx_word' id='word_1_110' title='bbox 1973 2325 2112 2405; x_wconf 72' lang='lat' dir='ltr'><strong>Sept</strong></span> <span class='ocrx_word' id='word_1_111' title='bbox 2167 2325 2458 2405; x_wconf 70' lang='lat' dir='ltr'><strong>traqedies</strong></span> <span class='ocrx_word' id='word_1_112' title='bbox 2517 2323 2904 2405; x_wconf 70' lang='lat' dir='ltr'><strong>d‘Euripide:</strong></span> <span class='ocrx_word' id='word_1_113' title='bbox 2965 2321 3140 2400; x_wconf 62' lang='lat' dir='ltr'><strong>„Coe</strong></span> 
     </span>
     <span class='ocr_line' id='line_1_16' title="bbox 883 2437 3138 2522; baseline -0.001 -21"><span class='ocrx_word' id='word_1_114' title='bbox 883 2438 1107 2517; x_wconf 73' lang='lat' dir='ltr'><strong>„deux</strong></span> <span class='ocrx_word' id='word_1_115' title='bbox 1156 2461 1311 2516; x_wconf 69' lang='lat' dir='ltr'><strong>vers,</strong></span> <span class='ocrx_word' id='word_1_116' title='bbox 1358 2439 1522 2501; x_wconf 86' lang='lat' dir='ltr'><strong>celui</strong></span> <span class='ocrx_word' id='word_1_117' title='bbox 1570 2438 1658 2502; x_wconf 91' lang='lat' dir='ltr'><strong>du</strong></span> <span class='ocrx_word' id='word_1_118' title='bbox 1706 2440 1998 2522; x_wconf 79' lang='lat' dir='ltr'><strong>tragique</strong></span> <span class='ocrx_word' id='word_1_119' title='bbox 2046 2450 2108 2501; x_wconf 87' lang='lat' dir='ltr'><strong>et</strong></span> <span class='ocrx_word' id='word_1_120' title='bbox 2156 2438 2246 2502; x_wconf 90' lang='lat' dir='ltr'><strong>dn</strong></span> <span class='ocrx_word' id='word_1_121' title='bbox 2285 2438 2568 2521; x_wconf 89' lang='lat' dir='ltr'><strong>comique</strong></span> <span class='ocrx_word' id='word_1_122' title='bbox 2609 2437 2920 2501; x_wconf 80' lang='lat' dir='ltr'><strong>semblent</strong></span> <span class='ocrx_word' id='word_1_123' title='bbox 2957 2437 3138 2501; x_wconf 73' lang='lat' dir='ltr'><strong>s’etre</strong></span> 
     </span>
     <span class='ocr_line' id='line_1_17' title="bbox 880 2548 3138 2631; baseline -0.001 -15"><span class='ocrx_word' id='word_1_124' title='bbox 880 2552 1251 2631; x_wconf 85' lang='lat' dir='ltr'><strong>„consondu</strong></span> <span class='ocrx_word' id='word_1_125' title='bbox 1304 2551 1459 2615; x_wconf 88' lang='lat' dir='ltr'><strong>dans</strong></span> <span class='ocrx_word' id='word_1_126' title='bbox 1507 2552 1566 2615; x_wconf 88' lang='lat' dir='ltr'><strong>la</strong></span> <span class='ocrx_word' id='word_1_127' title='bbox 1614 2551 1913 2615; x_wconf 72' lang='lat' dir='ltr'><strong>memoire</strong></span> <span class='ocrx_word' id='word_1_128' title='bbox 1959 2549 2069 2615; x_wconf 69' lang='lat' dir='ltr'><strong>doe</strong></span> <span class='ocrx_word' id='word_1_129' title='bbox 2117 2550 2330 2615; x_wconf 85' lang='lat' dir='ltr'><strong>Grecs.</strong></span> <span class='ocrx_word' id='word_1_130' title='bbox 2378 2548 2544 2613; x_wconf 66' lang='lat' dir='ltr'>C’oet</span> <span class='ocrx_word' id='word_1_131' title='bbox 2586 2551 2746 2614; x_wconf 83' lang='lat' dir='ltr'><strong>ainsi</strong></span> <span class='ocrx_word' id='word_1_132' title='bbox 2791 2550 3138 2616; x_wconf 74' lang='lat' dir='ltr'><strong>seulement</strong></span> 
     </span>
     <span class='ocr_line' id='line_1_18' title="bbox 877 2661 3128 2751; baseline -0 -23"><span class='ocrx_word' id='word_1_133' title='bbox 877 2668 1127 2750; x_wconf 89' lang='lat' dir='ltr'><strong>„qu’on</strong></span> <span class='ocrx_word' id='word_1_134' title='bbox 1188 2676 1343 2750; x_wconf 88' lang='lat' dir='ltr'><strong>peut</strong></span> <span class='ocrx_word' id='word_1_135' title='bbox 1403 2666 1729 2751; x_wconf 84' lang='lat' dir='ltr'><strong>expliquer</strong></span> <span class='ocrx_word' id='word_1_136' title='bbox 1792 2687 1915 2749; x_wconf 89' lang='lat' dir='ltr'><strong>que</strong></span> <span class='ocrx_word' id='word_1_137' title='bbox 1979 2665 2256 2728; x_wconf 84' lang='lat' dir='ltr'><strong>l&#39;anteur</strong></span> <span class='ocrx_word' id='word_1_138' title='bbox 2319 2663 2405 2727; x_wconf 91' lang='lat' dir='ltr'><strong>du</strong></span> <span class='ocrx_word' id='word_1_139' title='bbox 2452 2662 2598 2727; x_wconf 88' lang='lat' dir='ltr'><strong>Chr.</strong></span> <span class='ocrx_word' id='word_1_140' title='bbox 2649 2661 2786 2726; x_wconf 85' lang='lat' dir='ltr'><strong>Pat.</strong></span> <span class='ocrx_word' id='word_1_141' title='bbox 2837 2664 2930 2727; x_wconf 88' lang='lat' dir='ltr'><strong>ait</strong></span> <span class='ocrx_word' id='word_1_142' title='bbox 2974 2663 3128 2727; x_wconf 73' lang='lat' dir='ltr'><strong>ecrit</strong></span> 
     </span>
     <span class='ocr_line' id='line_1_19' title="bbox 880 2775 3136 2861; baseline -0.001 -18"><span class='ocrx_word' id='word_1_143' title='bbox 880 2780 1095 2857; x_wconf 82' lang='lat' dir='ltr'><strong>„dans</strong></span> <span class='ocrx_word' id='word_1_144' title='bbox 1162 2801 1272 2843; x_wconf 87' lang='lat' dir='ltr'><strong>son</strong></span> <span class='ocrx_word' id='word_1_145' title='bbox 1343 2788 1571 2842; x_wconf 85' lang='lat' dir='ltr'><strong>centon</strong></span> <span class='ocrx_word' id='word_1_146' title='bbox 1634 2779 2059 2855; x_wconf 60' lang='grc' dir='ltr'><strong>τί-ὶέγευ;.”</strong></span> <span class='ocrx_word' id='word_1_147' title='bbox 2121 2775 2332 2840; x_wconf 76' lang='lat' dir='ltr'><strong>Habet</strong></span> <span class='ocrx_word' id='word_1_148' title='bbox 2393 2776 2539 2841; x_wconf 83' lang='lat' dir='ltr'><strong>talis</strong></span> <span class='ocrx_word' id='word_1_149' title='bbox 2605 2776 2837 2840; x_wconf 87' lang='lat' dir='ltr'><strong>solutio</strong></span> <span class='ocrx_word' id='word_1_150' title='bbox 2900 2799 3026 2861; x_wconf 90' lang='lat' dir='ltr'><strong>quo</strong></span> <span class='ocrx_word' id='word_1_151' title='bbox 3073 2800 3136 2841; x_wconf 80' lang='lat' dir='ltr'><strong>se</strong></span> 
     </span>
     <span class='ocr_line' id='line_1_20' title="bbox 880 2891 3134 2976; baseline -0 -19"><span class='ocrx_word' id='word_1_152' title='bbox 880 2893 1291 2957; x_wconf 84' lang='lat' dir='ltr'><strong>commendet.</strong></span> <span class='ocrx_word' id='word_1_153' title='bbox 1342 2895 1431 2958; x_wconf 80' lang='lat' dir='ltr'><strong>At</strong></span> <span class='ocrx_word' id='word_1_154' title='bbox 1476 2915 1603 2958; x_wconf 86' lang='lat' dir='ltr'><strong>non</strong></span> <span class='ocrx_word' id='word_1_155' title='bbox 1648 2893 1799 2957; x_wconf 87' lang='lat' dir='ltr'><strong>satis</strong></span> <span class='ocrx_word' id='word_1_156' title='bbox 1841 2893 2022 2957; x_wconf 75' lang='lat' dir='ltr'><strong>video</strong></span> <span class='ocrx_word' id='word_1_157' title='bbox 2072 2893 2184 2976; x_wconf 89' lang='lat' dir='ltr'><strong>qui</strong></span> <span class='ocrx_word' id='word_1_158' title='bbox 2223 2892 2458 2955; x_wconf 83' lang='lat' dir='ltr'><strong>factum</strong></span> <span class='ocrx_word' id='word_1_159' title='bbox 2497 2892 2580 2954; x_wconf 84' lang='lat' dir='ltr'><strong>sit</strong></span> <span class='ocrx_word' id='word_1_160' title='bbox 2620 2900 2695 2955; x_wconf 86' lang='lat' dir='ltr'><strong>ut</strong></span> <span class='ocrx_word' id='word_1_161' title='bbox 2734 2891 2954 2955; x_wconf 84' lang='lat' dir='ltr'><strong>Graeci</strong></span> <span class='ocrx_word' id='word_1_162' title='bbox 2994 2914 3134 2957; x_wconf 87' lang='lat' dir='ltr'><strong>cum</strong></span> 
     </span>
     <span class='ocr_line' id='line_1_21' title="bbox 877 3006 3134 3091; baseline 0.001 -23"><span class='ocrx_word' id='word_1_163' title='bbox 877 3008 1130 3091; x_wconf 74' lang='lat' dir='ltr'><strong>tragicis</strong></span> <span class='ocrx_word' id='word_1_164' title='bbox 1198 3006 1399 3071; x_wconf 77' lang='lat' dir='ltr'><strong>verbis</strong></span> <span class='ocrx_word' id='word_1_165' title='bbox 1467 3008 1816 3079; x_wconf 62' lang='grc' dir='ltr'><strong>τί-τύὶας</strong></span> <span class='ocrx_word' id='word_1_166' title='bbox 1878 3006 2090 3072; x_wconf 88' lang='lat' dir='ltr'><strong>locum</strong></span> <span class='ocrx_word' id='word_1_167' title='bbox 2151 3016 2280 3069; x_wconf 85' lang='lat' dir='ltr'><strong>tam</strong></span> <span class='ocrx_word' id='word_1_168' title='bbox 2342 3006 2648 3091; x_wconf 72' lang='lat' dir='ltr'><strong>disparem</strong></span> <span class='ocrx_word' id='word_1_169' title='bbox 2712 3011 2922 3070; x_wconf 54' lang='lat' dir='ltr'><strong>mezu</strong></span> <span class='ocrx_word' id='word_1_170' title='bbox 2982 3009 3134 3072; x_wconf 71' lang='grc' dir='ltr'><strong>ἐτῶν</strong></span> 
     </span>
     <span class='ocr_line' id='line_1_22' title="bbox 880 3118 3134 3207; baseline 0 -23"><span class='ocrx_word' id='word_1_171' title='bbox 880 3121 964 3203; x_wconf 89' lang='lat' dir='ltr'><strong>(in</strong></span> <span class='ocrx_word' id='word_1_172' title='bbox 1030 3119 1278 3184; x_wconf 88' lang='lat' dir='ltr'><strong>duobus</strong></span> <span class='ocrx_word' id='word_1_173' title='bbox 1355 3144 1513 3205; x_wconf 87' lang='lat' dir='ltr'><strong>quos</strong></span> <span class='ocrx_word' id='word_1_174' title='bbox 1590 3122 1863 3207; x_wconf 81' lang='lat' dir='ltr'><strong>inspexit</strong></span> <span class='ocrx_word' id='word_1_175' title='bbox 1934 3119 2173 3185; x_wconf 81' lang='lat' dir='ltr'><strong>Person</strong></span> <span class='ocrx_word' id='word_1_176' title='bbox 2237 3118 2596 3184; x_wconf 84' lang='lat' dir='ltr'><strong>codicibus:</strong></span> <span class='ocrx_word' id='word_1_177' title='bbox 2660 3120 2869 3201; x_wconf 66' lang='grc' dir='ltr'><strong>λόγων)</strong></span> <span class='ocrx_word' id='word_1_178' title='bbox 2930 3120 3134 3193; x_wconf 75' lang='grc' dir='ltr'><strong><em>κινητὰ</em></strong></span> 
     </span>
     <span class='ocr_line' id='line_1_23' title="bbox 879 3233 3131 3319; baseline 0 -21"><span class='ocrx_word' id='word_1_179' title='bbox 879 3235 982 3298; x_wconf 69' lang='grc' dir='ltr'><strong>καὶ</strong></span> <span class='ocrx_word' id='word_1_180' title='bbox 1043 3236 1361 3314; x_wconf 54' lang='lat' dir='ltr'><strong>noxum&amp;</strong></span> <span class='ocrx_word' id='word_1_181' title='bbox 1420 3234 1823 3300; x_wconf 78' lang='lat' dir='ltr'><strong>confuderint</strong></span> <span class='ocrx_word' id='word_1_182' title='bbox 1887 3243 1956 3299; x_wconf 83' lang='lat' dir='ltr'><strong>et</strong></span> <span class='ocrx_word' id='word_1_183' title='bbox 2017 3235 2106 3298; x_wconf 84' lang='lat' dir='ltr'><strong>ita</strong></span> <span class='ocrx_word' id='word_1_184' title='bbox 2169 3233 2642 3319; x_wconf 86' lang='lat' dir='ltr'><strong>permiscuerint</strong></span> <span class='ocrx_word' id='word_1_185' title='bbox 2690 3243 2764 3298; x_wconf 87' lang='lat' dir='ltr'><strong>ut</strong></span> <span class='ocrx_word' id='word_1_186' title='bbox 2810 3235 2876 3299; x_wconf 90' lang='lat' dir='ltr'><strong>in</strong></span> <span class='ocrx_word' id='word_1_187' title='bbox 2923 3233 3131 3299; x_wconf 74' lang='lat' dir='ltr'><strong>codice</strong></span> 
     </span>
     <span class='ocr_line' id='line_1_24' title="bbox 878 3346 2402 3434; baseline -0.001 -23"><span class='ocrx_word' id='word_1_188' title='bbox 878 3346 1267 3432; x_wconf 82' lang='lat' dir='ltr'><strong>Ps-Gregorii</strong></span> <span class='ocrx_word' id='word_1_189' title='bbox 1316 3371 1427 3434; x_wconf 89' lang='lat' dir='ltr'><strong>pro</strong></span> <span class='ocrx_word' id='word_1_190' title='bbox 1472 3350 1693 3421; x_wconf 64' lang='grc' dir='ltr'><strong><em>πύλας,</em></strong></span> <span class='ocrx_word' id='word_1_191' title='bbox 1742 3349 1956 3426; x_wconf 71' lang='grc' dir='ltr'><strong>λόγους</strong></span> <span class='ocrx_word' id='word_1_192' title='bbox 2004 3346 2402 3412; x_wconf 84' lang='lat' dir='ltr'><strong>scriberetur.</strong></span> 
     </span>
    </p>

    <p class='ocr_par' dir='ltr' id='par_1_5' title="bbox 869 3460 3139 4565">
     <span class='ocr_line' id='line_1_25' title="bbox 969 3460 3133 3547; baseline 0.001 -23"><span class='ocrx_word' id='word_1_193' title='bbox 969 3461 1139 3542; x_wconf 87' lang='lat' dir='ltr'><strong>Quid</strong></span> <span class='ocrx_word' id='word_1_194' title='bbox 1203 3463 1399 3547; x_wconf 74' lang='lat' dir='ltr'><strong>igitur</strong></span> <span class='ocrx_word' id='word_1_195' title='bbox 1455 3461 1837 3527; x_wconf 83' lang='lat' dir='ltr'><strong>censendum</strong></span> <span class='ocrx_word' id='word_1_196' title='bbox 1900 3463 1988 3526; x_wconf 85' lang='lat' dir='ltr'><strong>sit</strong></span> <span class='ocrx_word' id='word_1_197' title='bbox 2051 3483 2150 3526; x_wconf 88' lang='lat' dir='ltr'><strong>me</strong></span> <span class='ocrx_word' id='word_1_198' title='bbox 2209 3462 2444 3525; x_wconf 87' lang='lat' dir='ltr'><strong>nescire</strong></span> <span class='ocrx_word' id='word_1_199' title='bbox 2488 3461 2706 3526; x_wconf 81' lang='lat' dir='ltr'><strong>fateor.</strong></span> <span class='ocrx_word' id='word_1_200' title='bbox 2757 3460 2890 3525; x_wconf 89' lang='lat' dir='ltr'><strong>Hoc</strong></span> <span class='ocrx_word' id='word_1_201' title='bbox 2937 3484 3133 3527; x_wconf 88' lang='lat' dir='ltr'><strong>unum</strong></span> 
     </span>
     <span class='ocr_line' id='line_1_26' title="bbox 874 3573 3134 3661; baseline 0.001 -24"><span class='ocrx_word' id='word_1_202' title='bbox 874 3575 1217 3638; x_wconf 78' lang='lat' dir='ltr'><strong>tenendum</strong></span> <span class='ocrx_word' id='word_1_203' title='bbox 1304 3585 1401 3638; x_wconf 90' lang='lat' dir='ltr'><strong>est</strong></span> <span class='ocrx_word' id='word_1_204' title='bbox 1484 3598 1692 3640; x_wconf 88' lang='lat' dir='ltr'><strong>errare</strong></span> <span class='ocrx_word' id='word_1_205' title='bbox 1772 3576 1885 3660; x_wconf 89' lang='lat' dir='ltr'><strong>qui</strong></span> <span class='ocrx_word' id='word_1_206' title='bbox 1965 3583 2196 3661; x_wconf 82' lang='lat' dir='ltr'><strong>putent</strong></span> <span class='ocrx_word' id='word_1_207' title='bbox 2276 3573 2759 3659; x_wconf 75' lang='lat' dir='ltr'><strong>Aristophanem</strong></span> <span class='ocrx_word' id='word_1_208' title='bbox 2824 3575 2938 3640; x_wconf 87' lang='lat' dir='ltr'><strong>hoc</strong></span> <span class='ocrx_word' id='word_1_209' title='bbox 2999 3575 3134 3641; x_wconf 86' lang='lat' dir='ltr'><strong>loco</strong></span> 
     </span>
     <span class='ocr_line' id='line_1_27' title="bbox 872 3686 3128 3774; baseline 0.002 -25"><span class='ocrx_word' id='word_1_210' title='bbox 872 3686 1196 3772; x_wconf 86' lang='lat' dir='ltr'><strong>Euripidis</strong></span> <span class='ocrx_word' id='word_1_211' title='bbox 1261 3686 1599 3753; x_wconf 87' lang='lat' dir='ltr'><strong>dictionem</strong></span> <span class='ocrx_word' id='word_1_212' title='bbox 1650 3688 2140 3774; x_wconf 85' lang='lat' dir='ltr'><strong>reprehendisse.</strong></span> <span class='ocrx_word' id='word_1_213' title='bbox 2191 3688 2293 3752; x_wconf 87' lang='lat' dir='ltr'><strong>Sic</strong></span> <span class='ocrx_word' id='word_1_214' title='bbox 2345 3687 2623 3773; x_wconf 84' lang='lat' dir='ltr'><strong>Doering</strong></span> <span class='ocrx_word' id='word_1_215' title='bbox 2666 3688 2732 3753; x_wconf 90' lang='lat' dir='ltr'><strong>in</strong></span> <span class='ocrx_word' id='word_1_216' title='bbox 2777 3687 3128 3774; x_wconf 78' lang='lat' dir='ltr'><strong>Philologo‚</strong></span> 
     </span>
     <span class='ocr_line' id='line_1_28' title="bbox 878 3801 3135 3888; baseline 0.002 -26"><span class='ocrx_word' id='word_1_217' title='bbox 878 3801 1047 3863; x_wconf 86' lang='lat'>1867</span> <span class='ocrx_word' id='word_1_218' title='bbox 1113 3823 1174 3887; x_wconf 88' lang='lat' dir='ltr'><strong>p.</strong></span> <span class='ocrx_word' id='word_1_219' title='bbox 1241 3804 1388 3881; x_wconf 79' lang='lat'><strong>224,</strong></span> <span class='ocrx_word' id='word_1_220' title='bbox 1447 3801 1523 3867; x_wconf 90' lang='lat' dir='ltr'><strong>de</strong></span> <span class='ocrx_word' id='word_1_221' title='bbox 1572 3801 1749 3867; x_wconf 85' lang='lat' dir='ltr'><strong>Med.</strong></span> <span class='ocrx_word' id='word_1_222' title='bbox 1805 3803 2004 3880; x_wconf 80' lang='lat'><strong>1317,</strong></span> <span class='ocrx_word' id='word_1_223' title='bbox 2053 3801 2435 3873; x_wconf 68' lang='grc' dir='ltr'><strong>τί-πύλιιςε</strong></span> <span class='ocrx_word' id='word_1_224' title='bbox 2487 3803 2651 3879; x_wconf 78' lang='lat' dir='ltr'><strong>„An</strong></span> <span class='ocrx_word' id='word_1_225' title='bbox 2698 3801 2901 3866; x_wconf 61' lang='lat' dir='ltr'><strong>dieser</strong></span> <span class='ocrx_word' id='word_1_226' title='bbox 2947 3825 3135 3888; x_wconf 81' lang='lat' dir='ltr'><strong>unge·</strong></span> 
     </span>
     <span class='ocr_line' id='line_1_29' title="bbox 872 3912 3138 4002; baseline 0.003 -27"><span class='ocrx_word' id='word_1_227' title='bbox 872 3912 1325 3989; x_wconf 64' lang='lat' dir='ltr'><strong>„wohnlichen</strong></span> <span class='ocrx_word' id='word_1_228' title='bbox 1372 3915 1503 3980; x_wconf 86' lang='lat' dir='ltr'><strong>und</strong></span> <span class='ocrx_word' id='word_1_229' title='bbox 1551 3916 1903 4001; x_wconf 80' lang='lat' dir='ltr'><strong>gesuchten</strong></span> <span class='ocrx_word' id='word_1_230' title='bbox 1951 3915 2179 4002; x_wconf 78' lang='lat' dir='ltr'><strong>phrase</strong></span> <span class='ocrx_word' id='word_1_231' title='bbox 2230 3937 2374 3979; x_wconf 90' lang='lat' dir='ltr'><strong>nam</strong></span> <span class='ocrx_word' id='word_1_232' title='bbox 2426 3917 2534 3979; x_wconf 79' lang='lat' dir='ltr'><strong>Ar.</strong></span> <span class='ocrx_word' id='word_1_233' title='bbox 2572 3922 2813 3980; x_wconf 80' lang='lat' dir='ltr'><strong>anstoss</strong></span> <span class='ocrx_word' id='word_1_234' title='bbox 2854 3916 2986 3980; x_wconf 89' lang='lat' dir='ltr'><strong>und</strong></span> <span class='ocrx_word' id='word_1_235' title='bbox 3024 3939 3138 4002; x_wconf 72' lang='lat' dir='ltr'><strong>sog</strong></span> 
     </span>
     <span class='ocr_line' id='line_1_30' title="bbox 876 4025 3136 4109; baseline 0.003 -20"><span class='ocrx_word' id='word_1_236' title='bbox 876 4025 1041 4104; x_wconf 82' lang='lat' dir='ltr'><strong>„das</strong></span> <span class='ocrx_word' id='word_1_237' title='bbox 1096 4027 1472 4094; x_wconf 85' lang='lat' dir='ltr'><strong>aufl&#39;allende</strong></span> <span class='ocrx_word' id='word_1_238' title='bbox 1540 4028 1867 4095; x_wconf 86' lang='lat' dir='ltr'><strong>derselben</strong></span> <span class='ocrx_word' id='word_1_239' title='bbox 1938 4028 2188 4094; x_wconf 68' lang='lat' dir='ltr'><strong>boshaft</strong></span> <span class='ocrx_word' id='word_1_240' title='bbox 2234 4028 2331 4092; x_wconf 89' lang='lat' dir='ltr'><strong>ins</strong></span> <span class='ocrx_word' id='word_1_241' title='bbox 2378 4027 2767 4109; x_wconf 72' lang='lat' dir='ltr'><strong>liicherliche‚</strong></span> <span class='ocrx_word' id='word_1_242' title='bbox 2814 4030 3025 4095; x_wconf 90' lang='lat' dir='ltr'><strong>indem</strong></span> <span class='ocrx_word' id='word_1_243' title='bbox 3072 4053 3136 4095; x_wconf 90' lang='lat' dir='ltr'><strong>er</strong></span> 
     </span>
     <span class='ocr_line' id='line_1_31' title="bbox 876 4140 3139 4227; baseline 0.002 -24"><span class='ocrx_word' id='word_1_244' title='bbox 876 4140 1057 4217; x_wconf 88' lang='lat' dir='ltr'><strong>„deu</strong></span> <span class='ocrx_word' id='word_1_245' title='bbox 1138 4141 1505 4226; x_wconf 81' lang='lat' dir='ltr'><strong>sophistisch</strong></span> <span class='ocrx_word' id='word_1_246' title='bbox 1589 4142 1954 4226; x_wconf 81' lang='lat' dir='ltr'><strong>gebildeten</strong></span> <span class='ocrx_word' id='word_1_247' title='bbox 2021 4142 2429 4227; x_wconf 88' lang='lat' dir='ltr'><strong>Phidippides</strong></span> <span class='ocrx_word' id='word_1_248' title='bbox 2500 4142 2677 4208; x_wconf 87' lang='lat' dir='ltr'><strong>einen</strong></span> <span class='ocrx_word' id='word_1_249' title='bbox 2743 4143 3139 4208; x_wconf 76' lang='lat' dir='ltr'><strong>worthervor·</strong></span> 
     </span>
     <span class='ocr_line' id='line_1_32' title="bbox 879 4251 3135 4343; baseline 0.003 -27"><span class='ocrx_word' id='word_1_250' title='bbox 879 4251 1150 4328; x_wconf 86' lang='lat' dir='ltr'><strong>„hebler</strong></span> <span class='ocrx_word' id='word_1_251' title='bbox 1229 4265 1447 4337; x_wconf 82' lang='lat' dir='ltr'><strong>neunt,</strong></span> <span class='ocrx_word' id='word_1_252' title='bbox 1535 4257 1601 4321; x_wconf 90' lang='lat' dir='ltr'><strong>in</strong></span> <span class='ocrx_word' id='word_1_253' title='bbox 1685 4255 2040 4321; x_wconf 80' lang='lat' dir='ltr'><strong>deutlicher</strong></span> <span class='ocrx_word' id='word_1_254' title='bbox 2131 4256 2511 4342; x_wconf 88' lang='lat' dir='ltr'><strong>anspielung</strong></span> <span class='ocrx_word' id='word_1_255' title='bbox 2589 4256 2702 4320; x_wconf 82' lang='lat' dir='ltr'><strong>auf</strong></span> <span class='ocrx_word' id='word_1_256' title='bbox 2781 4255 3135 4343; x_wconf 86' lang='lat' dir='ltr'><strong>Euripides,</strong></span> 
     </span>
     <span class='ocr_line' id='line_1_33' title="bbox 869 4355 3135 4456; baseline 0.004 -28"><span class='ocrx_word' id='word_1_257' title='bbox 869 4412 909 4441; x_wconf 88' lang='lat'><strong>„</strong></span> <span class='ocrx_word' id='word_1_258' title='bbox 933 4363 1043 4430; x_wconf 89' lang='lat' dir='ltr'><strong>der</strong></span> <span class='ocrx_word' id='word_1_259' title='bbox 1068 4414 1260 4431; x_wconf 90' lang='grc'><strong>.....</strong></span> <span class='ocrx_word' id='word_1_260' title='bbox 1323 4368 1551 4434; x_wconf 81' lang='lat' dir='ltr'><strong>Medea</strong></span> <span class='ocrx_word' id='word_1_261' title='bbox 1606 4393 1796 4456; x_wconf 84' lang='lat' dir='ltr'><strong>sagen</strong></span> <span class='ocrx_word' id='word_1_262' title='bbox 1842 4370 2023 4436; x_wconf 68' lang='lat' dir='ltr'><strong>lssst:</strong></span> <span class='ocrx_word' id='word_1_263' title='bbox 2076 4392 2197 4435; x_wconf 77' lang='lat' dir='ltr'><strong>was</strong></span> <span class='ocrx_word' id='word_1_264' title='bbox 2251 4369 2523 4456; x_wconf 77' lang='lat' dir='ltr'><strong>bewegst</strong></span> <span class='ocrx_word' id='word_1_265' title='bbox 2574 4371 2703 4436; x_wconf 89' lang='lat' dir='ltr'><strong>und</strong></span> <span class='ocrx_word' id='word_1_266' title='bbox 2750 4355 3005 4437; x_wconf 74' lang='lat' dir='ltr'><strong>hubels&#39;t</strong></span> <span class='ocrx_word' id='word_1_267' title='bbox 3047 4372 3135 4438; x_wconf 90' lang='lat' dir='ltr'><strong>du</strong></span> 
     </span>
     <span class='ocr_line' id='line_1_34' title="bbox 870 4478 3138 4565; baseline 0.004 -23"><span class='ocrx_word' id='word_1_268' title='bbox 870 4478 1041 4565; x_wconf 72' lang='lat' dir='ltr'><strong>„auf</strong></span> <span class='ocrx_word' id='word_1_269' title='bbox 1097 4480 1263 4545; x_wconf 86' lang='lat' dir='ltr'><strong>diese</strong></span> <span class='ocrx_word' id='word_1_270' title='bbox 1322 4481 1476 4548; x_wconf 81' lang='lat' dir='ltr'><strong>thiir</strong></span> <span class='ocrx_word' id='word_1_271' title='bbox 1490 4484 1558 4547; x_wconf 50' lang='grc' dir='ltr'><strong>’θ’</strong></span> <span class='ocrx_word' id='word_1_272' title='bbox 1620 4483 1865 4550; x_wconf 86' lang='lat' dir='ltr'><strong>Verum</strong></span> <span class='ocrx_word' id='word_1_273' title='bbox 1923 4485 2378 4564; x_wconf 70' lang='grc' dir='ltr'><strong>ἀναμοχλεύειν</strong></span> <span class='ocrx_word' id='word_1_274' title='bbox 2437 4486 2637 4559; x_wconf 73' lang='grc' dir='ltr'><strong><em>πύλαις</em></strong></span> <span class='ocrx_word' id='word_1_275' title='bbox 2679 4486 2936 4552; x_wconf 88' lang='lat' dir='ltr'><strong>omnino</strong></span> <span class='ocrx_word' id='word_1_276' title='bbox 2977 4485 3138 4552; x_wconf 85' lang='lat' dir='ltr'><strong>nihil</strong></span> 
     </span>
    </p>
   </div>
  </div>
 </body>
</html>
