<?xml version="1.0" encoding="UTF-8"?>
<!DOCTYPE html PUBLIC "-//W3C//DTD XHTML 1.0 Transitional//EN"
    "http://www.w3.org/TR/xhtml1/DTD/xhtml1-transitional.dtd">
<html xmlns="http://www.w3.org/1999/xhtml" xml:lang="en" lang="en">
 <head>
  <title>
</title>
<meta http-equiv="Content-Type" content="text/html;charset=utf-8" />
  <meta name='ocr-system' content='tesseract 3.04.00' />
  <meta name='ocr-capabilities' content='ocr_page ocr_carea ocr_par ocr_line ocrx_word'/>
</head>
<body>
  <div class='ocr_page' id='page_1' title='image "./deparodiaincomo03bakhgoog_0179.png"; bbox 0 0 3875 5634; ppageno 0'>
   <div class='ocr_carea' id='block_1_1' title="bbox 1661 706 3091 768">
    <p class='ocr_par' dir='ltr' id='par_1_1' title="bbox 1661 706 3091 768">
     <span class='ocr_line' id='line_1_1' title="bbox 1661 706 3091 768; baseline 0.004 -6"><span class='ocrx_word' id='word_1_1' title='bbox 1661 718 2371 765; x_wconf 68' lang='lat' dir='ltr'><strong>rnzsnornoauzusm.</strong></span> <span class='ocrx_word' id='word_1_2' title='bbox 2967 706 3091 768; x_wconf 81' lang='lat'><strong>133</strong></span> 
     </span>
    </p>
   </div>
   <div class='ocr_carea' id='block_1_2' title="bbox 889 892 3150 3939">
    <p class='ocr_par' dir='ltr' id='par_1_2' title="bbox 892 892 2570 1093">
     <span class='ocr_line' id='line_1_2' title="bbox 892 892 2570 978; baseline 0.001 -15"><span class='ocrx_word' id='word_1_3' title='bbox 892 901 1002 966; x_wconf 84' lang='lat' dir='ltr'><strong>Vs.</strong></span> <span class='ocrx_word' id='word_1_4' title='bbox 1066 892 1271 963; x_wconf 89' lang='grc'><strong>1070.</strong></span> <span class='ocrx_word' id='word_1_5' title='bbox 1337 895 1399 959; x_wconf 81' lang='grc' dir='ltr'><strong>τί</strong></span> <span class='ocrx_word' id='word_1_6' title='bbox 1440 895 1573 960; x_wconf 78' lang='grc' dir='ltr'><strong><em>ποτ’</em></strong></span> <span class='ocrx_word' id='word_1_7' title='bbox 1621 896 1989 976; x_wconf 80' lang='grc' dir='ltr'><strong><em>Ἀνδρομέδα</em></strong></span> <span class='ocrx_word' id='word_1_8' title='bbox 2033 900 2326 978; x_wconf 80' lang='grc' dir='ltr'><strong><em>περίαλλα</em></strong></span> <span class='ocrx_word' id='word_1_9' title='bbox 2374 906 2570 966; x_wconf 84' lang='grc' dir='ltr'><strong><em>κακῶν</em></strong></span> 
     </span>
     <span class='ocr_line' id='line_1_3' title="bbox 1340 1006 2466 1093; baseline 0.004 -20"><span class='ocrx_word' id='word_1_10' title='bbox 1340 1009 1509 1089; x_wconf 82' lang='grc' dir='ltr'><strong><em>μέρος</em></strong></span> <span class='ocrx_word' id='word_1_11' title='bbox 1555 1006 1845 1090; x_wconf 75' lang='grc' dir='ltr'><strong>ἐξέλαχον</strong></span> <span class='ocrx_word' id='word_1_12' title='bbox 1893 1011 2141 1077; x_wconf 67' lang='grc' dir='ltr'><strong><em>θανάτου</em></strong></span> <span class='ocrx_word' id='word_1_13' title='bbox 2187 1013 2466 1093; x_wconf 75' lang='grc' dir='ltr'><strong><em>τλήμωνς</em></strong></span> 
     </span>
    </p>

    <p class='ocr_par' dir='ltr' id='par_1_3' title="bbox 896 1122 3137 1317">
     <span class='ocr_line' id='line_1_4' title="bbox 979 1122 3137 1210; baseline 0.003 -21"><span class='ocrx_word' id='word_1_14' title='bbox 979 1123 1183 1189; x_wconf 86' lang='lat' dir='ltr'><strong>Schol.</strong></span> <span class='ocrx_word' id='word_1_15' title='bbox 1248 1122 1352 1188; x_wconf 73' lang='grc' dir='ltr'><strong>καὶ</strong></span> <span class='ocrx_word' id='word_1_16' title='bbox 1397 1128 1567 1188; x_wconf 80' lang='grc' dir='ltr'><strong><em>τοῦτο</em></strong></span> <span class='ocrx_word' id='word_1_17' title='bbox 1611 1126 1678 1189; x_wconf 81' lang='grc' dir='ltr'><strong>ἐκ</strong></span> <span class='ocrx_word' id='word_1_18' title='bbox 1721 1129 1824 1189; x_wconf 79' lang='grc' dir='ltr'><strong>τοῦ</strong></span> <span class='ocrx_word' id='word_1_19' title='bbox 1870 1127 2168 1206; x_wconf 76' lang='grc' dir='ltr'><strong><em>προλόγου.</em></strong></span> <span class='ocrx_word' id='word_1_20' title='bbox 2219 1128 2402 1192; x_wconf 78' lang='grc' dir='ltr'><em>λείπει</em></span> <span class='ocrx_word' id='word_1_21' title='bbox 2446 1177 2488 1206; x_wconf 91' lang='lat'><strong>,‚</strong></span> <span class='ocrx_word' id='word_1_22' title='bbox 2506 1129 2814 1207; x_wconf 78' lang='grc' dir='ltr'><strong><em>μέλλουσα</em></strong></span> <span class='ocrx_word' id='word_1_23' title='bbox 2863 1132 3137 1210; x_wconf 78' lang='grc' dir='ltr'><strong>τυχεῖν.”</strong></span> 
     </span>
     <span class='ocr_line' id='line_1_5' title="bbox 896 1236 2447 1317; baseline 0.001 -15"><span class='ocrx_word' id='word_1_24' title='bbox 896 1239 999 1302; x_wconf 87' lang='lat' dir='ltr'><strong>Fr.</strong></span> <span class='ocrx_word' id='word_1_25' title='bbox 1054 1240 1202 1301; x_wconf 77' lang='lat'>115.</span> <span class='ocrx_word' id='word_1_26' title='bbox 1252 1236 1348 1300; x_wconf 94' lang='lat' dir='ltr'><strong>De</strong></span> <span class='ocrx_word' id='word_1_27' title='bbox 1395 1237 1685 1317; x_wconf 77' lang='grc' dir='ltr'><strong><em>περίαλλα</em></strong></span> <span class='ocrx_word' id='word_1_28' title='bbox 1731 1238 1807 1301; x_wconf 85' lang='lat' dir='ltr'><strong>cf.</strong></span> <span class='ocrx_word' id='word_1_29' title='bbox 1857 1237 2028 1303; x_wconf 77' lang='lat' dir='ltr'><strong>Fors,</strong></span> <span class='ocrx_word' id='word_1_30' title='bbox 2079 1239 2246 1303; x_wconf 88' lang='lat' dir='ltr'><strong>Med.</strong></span> <span class='ocrx_word' id='word_1_31' title='bbox 2299 1244 2447 1304; x_wconf 78' lang='lat'>284.</span> 
     </span>
    </p>

    <p class='ocr_par' dir='ltr' id='par_1_4' title="bbox 890 1350 3144 1777">
     <span class='ocr_line' id='line_1_6' title="bbox 981 1350 3140 1440; baseline 0.003 -26"><span class='ocrx_word' id='word_1_32' title='bbox 981 1350 1077 1414; x_wconf 88' lang='lat' dir='ltr'><strong>De</strong></span> <span class='ocrx_word' id='word_1_33' title='bbox 1125 1351 1239 1414; x_wconf 84' lang='lat' dir='ltr'><strong>hae</strong></span> <span class='ocrx_word' id='word_1_34' title='bbox 1278 1351 1669 1414; x_wconf 79' lang='lat' dir='ltr'>festivissima</span> <span class='ocrx_word' id='word_1_35' title='bbox 1710 1351 1964 1437; x_wconf 84' lang='lat' dir='ltr'><strong>parodia</strong></span> <span class='ocrx_word' id='word_1_36' title='bbox 2004 1363 2189 1431; x_wconf 84' lang='lat' dir='ltr'><strong>recte,</strong></span> <span class='ocrx_word' id='word_1_37' title='bbox 2219 1354 2564 1438; x_wconf 79' lang='lat' dir='ltr'><strong>refragante</strong></span> <span class='ocrx_word' id='word_1_38' title='bbox 2589 1363 2664 1419; x_wconf 90' lang='lat' dir='ltr'><strong>ut</strong></span> <span class='ocrx_word' id='word_1_39' title='bbox 2686 1357 2846 1420; x_wconf 85' lang='lat' dir='ltr'><strong>solet</strong></span> <span class='ocrx_word' id='word_1_40' title='bbox 2874 1356 3140 1440; x_wconf 84' lang='lat' dir='ltr'><strong>Enger0‚</strong></span> 
     </span>
     <span class='ocr_line' id='line_1_7' title="bbox 891 1463 3142 1554; baseline 0.002 -26"><span class='ocrx_word' id='word_1_41' title='bbox 891 1464 1195 1528; x_wconf 79' lang='lat' dir='ltr'><strong>iudicavit</strong></span> <span class='ocrx_word' id='word_1_42' title='bbox 1255 1463 1566 1528; x_wconf 83' lang='lat' dir='ltr'><strong>Fritsche:</strong></span> <span class='ocrx_word' id='word_1_43' title='bbox 1625 1465 1878 1542; x_wconf 89' lang='lat' dir='ltr'><strong>„Nobis</strong></span> <span class='ocrx_word' id='word_1_44' title='bbox 1938 1467 2192 1549; x_wconf 88' lang='lat' dir='ltr'><strong>quidem</strong></span> <span class='ocrx_word' id='word_1_45' title='bbox 2239 1490 2461 1553; x_wconf 87' lang='lat' dir='ltr'><strong>parum</strong></span> <span class='ocrx_word' id='word_1_46' title='bbox 2512 1470 2748 1554; x_wconf 79' lang='lat' dir='ltr'>tragice</span> <span class='ocrx_word' id='word_1_47' title='bbox 2798 1470 2972 1534; x_wconf 82' lang='lat' dir='ltr'><strong>Eeho</strong></span> <span class='ocrx_word' id='word_1_48' title='bbox 3019 1471 3142 1534; x_wconf 89' lang='lat' dir='ltr'><strong>ista</strong></span> 
     </span>
     <span class='ocr_line' id='line_1_8' title="bbox 891 1578 3144 1664; baseline 0.003 -24"><span class='ocrx_word' id='word_1_49' title='bbox 891 1579 1204 1657; x_wconf 75' lang='lat' dir='ltr'><strong>„videtur</strong></span> <span class='ocrx_word' id='word_1_50' title='bbox 1251 1578 1611 1641; x_wconf 84' lang='lat' dir='ltr'><strong>introducta</strong></span> <span class='ocrx_word' id='word_1_51' title='bbox 1657 1601 1807 1656; x_wconf 86' lang='lat' dir='ltr'><strong>esse,</strong></span> <span class='ocrx_word' id='word_1_52' title='bbox 1858 1601 1998 1643; x_wconf 86' lang='lat' dir='ltr'><strong>eum</strong></span> <span class='ocrx_word' id='word_1_53' title='bbox 2046 1583 2405 1664; x_wconf 78' lang='lat' dir='ltr'><strong>praesertim</strong></span> <span class='ocrx_word' id='word_1_54' title='bbox 2455 1582 2820 1647; x_wconf 78' lang='lat' dir='ltr'>lamentatio</span> <span class='ocrx_word' id='word_1_55' title='bbox 2859 1585 2994 1648; x_wconf 89' lang='lat' dir='ltr'><strong>eius</strong></span> <span class='ocrx_word' id='word_1_56' title='bbox 3032 1585 3144 1647; x_wconf 86' lang='lat' dir='ltr'><strong>vir·</strong></span> 
     </span>
     <span class='ocr_line' id='line_1_9' title="bbox 890 1691 1849 1777; baseline 0 -23"><span class='ocrx_word' id='word_1_57' title='bbox 890 1693 1082 1777; x_wconf 81' lang='lat' dir='ltr'><strong>„gini</strong></span> <span class='ocrx_word' id='word_1_58' title='bbox 1128 1693 1245 1776; x_wconf 90' lang='lat' dir='ltr'><strong>ipsi</strong></span> <span class='ocrx_word' id='word_1_59' title='bbox 1294 1691 1551 1754; x_wconf 85' lang='lat' dir='ltr'><strong>molesta</strong></span> <span class='ocrx_word' id='word_1_60' title='bbox 1597 1691 1849 1756; x_wconf 85' lang='lat' dir='ltr'><strong>fuerit.’&#39;</strong></span> 
     </span>
    </p>

    <p class='ocr_par' dir='ltr' id='par_1_5' title="bbox 889 1804 3150 3939">
     <span class='ocr_line' id='line_1_10' title="bbox 981 1804 3140 1893; baseline 0.003 -26"><span class='ocrx_word' id='word_1_61' title='bbox 981 1807 1198 1867; x_wconf 87' lang='lat' dir='ltr'><strong>Posset</strong></span> <span class='ocrx_word' id='word_1_62' title='bbox 1259 1804 1513 1867; x_wconf 86' lang='lat' dir='ltr'><strong>fortasse</strong></span> <span class='ocrx_word' id='word_1_63' title='bbox 1574 1804 1699 1868; x_wconf 89' lang='lat' dir='ltr'><strong>tale</strong></span> <span class='ocrx_word' id='word_1_64' title='bbox 1761 1806 2086 1870; x_wconf 82' lang='lat' dir='ltr'><strong>inventum</strong></span> <span class='ocrx_word' id='word_1_65' title='bbox 2149 1808 2398 1872; x_wconf 83' lang='lat' dir='ltr'><strong>defendi</strong></span> <span class='ocrx_word' id='word_1_66' title='bbox 2447 1808 2498 1872; x_wconf 88' lang='lat' dir='ltr'><strong>si</strong></span> <span class='ocrx_word' id='word_1_67' title='bbox 2547 1810 2711 1872; x_wconf 80' lang='lat' dir='ltr'><strong>vocis</strong></span> <span class='ocrx_word' id='word_1_68' title='bbox 2759 1809 3028 1893; x_wconf 79' lang='lat' dir='ltr'>imagine</span> <span class='ocrx_word' id='word_1_69' title='bbox 3076 1810 3140 1874; x_wconf 89' lang='lat' dir='ltr'><strong>iu</strong></span> 
     </span>
     <span class='ocr_line' id='line_1_11' title="bbox 889 1919 3138 2004; baseline 0.003 -23"><span class='ocrx_word' id='word_1_70' title='bbox 889 1919 1209 2002; x_wconf 74' lang='lat' dir='ltr'><strong>tragoedia</strong></span> <span class='ocrx_word' id='word_1_71' title='bbox 1257 1941 1412 2004; x_wconf 88' lang='lat' dir='ltr'><strong>opus</strong></span> <span class='ocrx_word' id='word_1_72' title='bbox 1458 1927 1635 1996; x_wconf 86' lang='lat' dir='ltr'><strong>esset,</strong></span> <span class='ocrx_word' id='word_1_73' title='bbox 1686 1943 1739 1983; x_wconf 82' lang='lat' dir='ltr'><strong>v.</strong></span> <span class='ocrx_word' id='word_1_74' title='bbox 1789 1943 1839 1983; x_wconf 90' lang='grc'><strong>0.</strong></span> <span class='ocrx_word' id='word_1_75' title='bbox 1889 1921 1964 1984; x_wconf 88' lang='lat' dir='ltr'><strong>ad</strong></span> <span class='ocrx_word' id='word_1_76' title='bbox 2015 1921 2286 2004; x_wconf 82' lang='lat' dir='ltr'><strong>aliquem</strong></span> <span class='ocrx_word' id='word_1_77' title='bbox 2336 1931 2570 1987; x_wconf 81' lang='lat' dir='ltr'><strong>terrore</strong></span> <span class='ocrx_word' id='word_1_78' title='bbox 2612 1924 3024 2003; x_wconf 85' lang='lat' dir='ltr'><strong>afficiendum,</strong></span> <span class='ocrx_word' id='word_1_79' title='bbox 3077 1926 3138 1988; x_wconf 91' lang='lat' dir='ltr'><strong>in</strong></span> 
     </span>
     <span class='ocr_line' id='line_1_12' title="bbox 894 2030 3150 2113; baseline 0.002 -19"><span class='ocrx_word' id='word_1_80' title='bbox 894 2030 1295 2095; x_wconf 77' lang='lat' dir='ltr'><strong>Andromeda</strong></span> <span class='ocrx_word' id='word_1_81' title='bbox 1363 2054 1506 2095; x_wconf 88' lang='lat' dir='ltr'><strong>vero</strong></span> <span class='ocrx_word' id='word_1_82' title='bbox 1576 2033 1725 2096; x_wconf 85' lang='lat' dir='ltr'><strong>echo</strong></span> <span class='ocrx_word' id='word_1_83' title='bbox 1784 2033 1943 2096; x_wconf 86' lang='lat' dir='ltr'><strong>nihil</strong></span> <span class='ocrx_word' id='word_1_84' title='bbox 2008 2042 2102 2097; x_wconf 87' lang='lat' dir='ltr'><strong>est</strong></span> <span class='ocrx_word' id='word_1_85' title='bbox 2164 2035 2279 2098; x_wconf 84' lang='lat' dir='ltr'><strong>nisi</strong></span> <span class='ocrx_word' id='word_1_86' title='bbox 2344 2034 2836 2099; x_wconf 85' lang='lat' dir='ltr'><strong>additamentum</strong></span> <span class='ocrx_word' id='word_1_87' title='bbox 2904 2037 3019 2113; x_wconf 88' lang='lat' dir='ltr'><strong>vel,</strong></span> <span class='ocrx_word' id='word_1_88' title='bbox 3075 2046 3150 2099; x_wconf 90' lang='lat' dir='ltr'><strong>ut</strong></span> 
     </span>
     <span class='ocr_line' id='line_1_13' title="bbox 892 2143 3149 2234; baseline 0.003 -27"><span class='ocrx_word' id='word_1_89' title='bbox 892 2144 1180 2229; x_wconf 82' lang='lat' dir='ltr'><strong>Euripidi</strong></span> <span class='ocrx_word' id='word_1_90' title='bbox 1230 2143 1575 2223; x_wconf 80' lang='lat' dir='ltr'><strong>videbatur,</strong></span> <span class='ocrx_word' id='word_1_91' title='bbox 1626 2156 2082 2221; x_wconf 79' lang='lat' dir='ltr'><strong>ornauwutum,</strong></span> <span class='ocrx_word' id='word_1_92' title='bbox 2134 2171 2258 2230; x_wconf 86' lang='lat' dir='ltr'><strong>quo</strong></span> <span class='ocrx_word' id='word_1_93' title='bbox 2299 2156 2504 2211; x_wconf 88' lang='lat' dir='ltr'><strong>tamen</strong></span> <span class='ocrx_word' id='word_1_94' title='bbox 2550 2149 2729 2212; x_wconf 70' lang='lat' dir='ltr'><strong>facile</strong></span> <span class='ocrx_word' id='word_1_95' title='bbox 2769 2173 2974 2213; x_wconf 83' lang='lat' dir='ltr'><strong>carere</strong></span> <span class='ocrx_word' id='word_1_96' title='bbox 3015 2173 3149 2234; x_wconf 85' lang='lat' dir='ltr'><strong>pos-</strong></span> 
     </span>
     <span class='ocr_line' id='line_1_14' title="bbox 896 2259 3134 2345; baseline 0 -22"><span class='ocrx_word' id='word_1_97' title='bbox 896 2283 1134 2323; x_wconf 81' lang='lat' dir='ltr'><strong>sumus.</strong></span> <span class='ocrx_word' id='word_1_98' title='bbox 1212 2259 1543 2345; x_wconf 84' lang='lat' dir='ltr'><strong>Proposuit</strong></span> <span class='ocrx_word' id='word_1_99' title='bbox 1605 2260 1742 2338; x_wconf 87' lang='lat' dir='ltr'><strong>sibi,</strong></span> <span class='ocrx_word' id='word_1_100' title='bbox 1799 2263 1865 2324; x_wconf 89' lang='lat' dir='ltr'><strong>ni</strong></span> <span class='ocrx_word' id='word_1_101' title='bbox 1916 2262 2114 2339; x_wconf 78' lang='lat' dir='ltr'><strong>fallor,</strong></span> <span class='ocrx_word' id='word_1_102' title='bbox 2165 2271 2344 2345; x_wconf 77' lang='lat' dir='ltr'><strong>poeta</strong></span> <span class='ocrx_word' id='word_1_103' title='bbox 2395 2265 2477 2327; x_wconf 78' lang='lat' dir='ltr'><strong>ita</strong></span> <span class='ocrx_word' id='word_1_104' title='bbox 2532 2264 2771 2327; x_wconf 77' lang='lat' dir='ltr'><strong>afficere</strong></span> <span class='ocrx_word' id='word_1_105' title='bbox 2818 2263 3134 2326; x_wconf 70' lang='lat' dir='ltr'><strong>auditores</strong></span> 
     </span>
     <span class='ocr_line' id='line_1_15' title="bbox 893 2374 3140 2456; baseline 0.001 -20"><span class='ocrx_word' id='word_1_106' title='bbox 893 2382 961 2436; x_wconf 75' lang='lat' dir='ltr'><strong>ut</strong></span> <span class='ocrx_word' id='word_1_107' title='bbox 1054 2375 1364 2436; x_wconf 72' lang='lat' dir='ltr'><strong>sentirent</strong></span> <span class='ocrx_word' id='word_1_108' title='bbox 1451 2374 1751 2456; x_wconf 82' lang='lat' dir='ltr'><strong>virginem</strong></span> <span class='ocrx_word' id='word_1_109' title='bbox 1823 2377 1882 2438; x_wconf 87' lang='lat' dir='ltr'><strong>iu</strong></span> <span class='ocrx_word' id='word_1_110' title='bbox 1956 2377 2374 2438; x_wconf 74' lang='lat' dir='ltr'><strong>desert-issima</strong></span> <span class='ocrx_word' id='word_1_111' title='bbox 2442 2377 2782 2440; x_wconf 80' lang='lat' dir='ltr'><strong>solitudine</strong></span> <span class='ocrx_word' id='word_1_112' title='bbox 2854 2378 2928 2440; x_wconf 86' lang='lat' dir='ltr'><strong>ad</strong></span> <span class='ocrx_word' id='word_1_113' title='bbox 3003 2401 3140 2440; x_wconf 79' lang='lat' dir='ltr'><strong>saxa</strong></span> 
     </span>
     <span class='ocr_line' id='line_1_16' title="bbox 893 2486 3142 2573; baseline 0.001 -25"><span class='ocrx_word' id='word_1_114' title='bbox 893 2486 1210 2570; x_wconf 80' lang='lat' dir='ltr'><strong>alligatam</strong></span> <span class='ocrx_word' id='word_1_115' title='bbox 1280 2510 1427 2562; x_wconf 72' lang='lat' dir='ltr'><strong>esse,</strong></span> <span class='ocrx_word' id='word_1_116' title='bbox 1490 2486 1592 2549; x_wconf 85' lang='lat' dir='ltr'><strong>ubi</strong></span> <span class='ocrx_word' id='word_1_117' title='bbox 1658 2488 1831 2551; x_wconf 85' lang='lat' dir='ltr'><strong>nulla</strong></span> <span class='ocrx_word' id='word_1_118' title='bbox 1897 2491 2223 2553; x_wconf 81' lang='lat' dir='ltr'><strong>audiretur</strong></span> <span class='ocrx_word' id='word_1_119' title='bbox 2284 2513 2398 2553; x_wconf 83' lang='lat' dir='ltr'><strong>vox</strong></span> <span class='ocrx_word' id='word_1_120' title='bbox 2459 2491 2580 2553; x_wconf 89' lang='lat' dir='ltr'><strong>nisi</strong></span> <span class='ocrx_word' id='word_1_121' title='bbox 2628 2513 2789 2573; x_wconf 84' lang='lat' dir='ltr'><strong>quae</strong></span> <span class='ocrx_word' id='word_1_122' title='bbox 2837 2494 3142 2554; x_wconf 80' lang='lat' dir='ltr'><strong>montium</strong></span> 
     </span>
     <span class='ocr_line' id='line_1_17' title="bbox 893 2602 3146 2689; baseline 0.002 -28"><span class='ocrx_word' id='word_1_123' title='bbox 893 2602 1181 2663; x_wconf 81' lang='lat' dir='ltr'><strong>anfractu</strong></span> <span class='ocrx_word' id='word_1_124' title='bbox 1233 2609 1749 2684; x_wconf 77' lang='lat' dir='ltr'><strong>repercuteretur.</strong></span> <span class='ocrx_word' id='word_1_125' title='bbox 1802 2602 1921 2664; x_wconf 81' lang='lat' dir='ltr'><strong>Sed</strong></span> <span class='ocrx_word' id='word_1_126' title='bbox 1969 2626 2096 2666; x_wconf 85' lang='lat' dir='ltr'><strong>non</strong></span> <span class='ocrx_word' id='word_1_127' title='bbox 2142 2612 2464 2667; x_wconf 82' lang='lat' dir='ltr'><strong>assecutus</strong></span> <span class='ocrx_word' id='word_1_128' title='bbox 2511 2614 2604 2667; x_wconf 82' lang='lat' dir='ltr'><strong>est</strong></span> <span class='ocrx_word' id='word_1_129' title='bbox 2646 2605 2812 2687; x_wconf 90' lang='lat' dir='ltr'><strong>quod</strong></span> <span class='ocrx_word' id='word_1_130' title='bbox 2856 2605 2973 2668; x_wconf 85' lang='lat' dir='ltr'><strong>sibi</strong></span> <span class='ocrx_word' id='word_1_131' title='bbox 3014 2628 3146 2689; x_wconf 85' lang='lat' dir='ltr'><strong>pro·</strong></span> 
     </span>
     <span class='ocr_line' id='line_1_18' title="bbox 896 2714 3145 2801; baseline 0.003 -26"><span class='ocrx_word' id='word_1_132' title='bbox 896 2722 1206 2798; x_wconf 84' lang='lat' dir='ltr'><strong>posuerat.</strong></span> <span class='ocrx_word' id='word_1_133' title='bbox 1273 2714 1470 2776; x_wconf 90' lang='lat' dir='ltr'><strong>Aliud</strong></span> <span class='ocrx_word' id='word_1_134' title='bbox 1518 2722 1612 2777; x_wconf 89' lang='lat' dir='ltr'><strong>est</strong></span> <span class='ocrx_word' id='word_1_135' title='bbox 1658 2714 1869 2778; x_wconf 86' lang='lat' dir='ltr'><strong>Echus</strong></span> <span class='ocrx_word' id='word_1_136' title='bbox 1918 2740 2124 2779; x_wconf 81' lang='lat' dir='ltr'><strong>vocem</strong></span> <span class='ocrx_word' id='word_1_137' title='bbox 2175 2717 2540 2791; x_wconf 73' lang='lat' dir='ltr'><strong>describere,</strong></span> <span class='ocrx_word' id='word_1_138' title='bbox 2588 2717 2755 2801; x_wconf 85' lang='lat' dir='ltr'><strong>quod</strong></span> <span class='ocrx_word' id='word_1_139' title='bbox 2805 2720 2950 2781; x_wconf 64' lang='lat' dir='ltr'><strong>set-it</strong></span> <span class='ocrx_word' id='word_1_140' title='bbox 3003 2719 3145 2781; x_wconf 78' lang='lat' dir='ltr'><strong>Ovi-</strong></span> 
     </span>
     <span class='ocr_line' id='line_1_19' title="bbox 892 2827 3133 2915; baseline 0.001 -24"><span class='ocrx_word' id='word_1_141' title='bbox 892 2828 1055 2906; x_wconf 63' lang='lat' dir='ltr'><strong>dius»,</strong></span> <span class='ocrx_word' id='word_1_142' title='bbox 1122 2827 1295 2889; x_wconf 86' lang='lat' dir='ltr'><strong>aliud</strong></span> <span class='ocrx_word' id='word_1_143' title='bbox 1358 2828 1421 2890; x_wconf 91' lang='lat' dir='ltr'><strong>in</strong></span> <span class='ocrx_word' id='word_1_144' title='bbox 1487 2850 1667 2891; x_wconf 86' lang='lat' dir='ltr'><strong>scena</strong></span> <span class='ocrx_word' id='word_1_145' title='bbox 1716 2838 2107 2892; x_wconf 75' lang='lat' dir='ltr'><strong>resonantem</strong></span> <span class='ocrx_word' id='word_1_146' title='bbox 2156 2832 2352 2894; x_wconf 83' lang='lat' dir='ltr'><strong>facere</strong></span> <span class='ocrx_word' id='word_1_147' title='bbox 2399 2839 2589 2914; x_wconf 87' lang='lat' dir='ltr'><strong>atque</strong></span> <span class='ocrx_word' id='word_1_148' title='bbox 2639 2831 2702 2894; x_wconf 91' lang='lat' dir='ltr'><strong>in</strong></span> <span class='ocrx_word' id='word_1_149' title='bbox 2750 2832 3133 2915; x_wconf 80' lang='lat' dir='ltr'><strong>tragoediam</strong></span> 
     </span>
     <span class='ocr_line' id='line_1_20' title="bbox 892 2941 3147 3030; baseline 0.003 -26"><span class='ocrx_word' id='word_1_150' title='bbox 892 2941 1290 3004; x_wconf 80' lang='lat' dir='ltr'><strong>introducere</strong></span> <span class='ocrx_word' id='word_1_151' title='bbox 1338 2941 1504 3024; x_wconf 92' lang='lat' dir='ltr'><strong>quod</strong></span> <span class='ocrx_word' id='word_1_152' title='bbox 1551 2942 1617 3004; x_wconf 91' lang='lat' dir='ltr'><strong>in</strong></span> <span class='ocrx_word' id='word_1_153' title='bbox 1666 2965 1730 3004; x_wconf 88' lang='lat' dir='ltr'><strong>re</strong></span> <span class='ocrx_word' id='word_1_154' title='bbox 1781 2944 2015 3006; x_wconf 80' lang='lat' dir='ltr'><strong>musica</strong></span> <span class='ocrx_word' id='word_1_155' title='bbox 2065 2946 2162 3007; x_wconf 82' lang='lat' dir='ltr'><strong>vix</strong></span> <span class='ocrx_word' id='word_1_156' title='bbox 2210 2944 2353 3007; x_wconf 87' lang='lat' dir='ltr'><strong>ferri</strong></span> <span class='ocrx_word' id='word_1_157' title='bbox 2392 2946 2608 3030; x_wconf 81' lang='lat' dir='ltr'><strong>possit.</strong></span> <span class='ocrx_word' id='word_1_158' title='bbox 2649 2944 2856 3008; x_wconf 83' lang='lat' dir='ltr'><strong>Etiam</strong></span> <span class='ocrx_word' id='word_1_159' title='bbox 2890 2946 2942 3008; x_wconf 87' lang='lat' dir='ltr'><strong>si</strong></span> <span class='ocrx_word' id='word_1_160' title='bbox 2967 2954 3147 3010; x_wconf 90' lang='lat' dir='ltr'><strong>natu-</strong></span> 
     </span>
     <span class='ocr_line' id='line_1_21' title="bbox 893 3056 3133 3141; baseline 0.002 -22"><span class='ocrx_word' id='word_1_161' title='bbox 893 3078 1022 3119; x_wconf 90' lang='lat' dir='ltr'><strong>ram</strong></span> <span class='ocrx_word' id='word_1_162' title='bbox 1070 3078 1280 3119; x_wconf 79' lang='lat' dir='ltr'><strong>revera</strong></span> <span class='ocrx_word' id='word_1_163' title='bbox 1328 3056 1610 3120; x_wconf 87' lang='lat' dir='ltr'><strong>imitatus</strong></span> <span class='ocrx_word' id='word_1_164' title='bbox 1657 3067 1813 3120; x_wconf 68' lang='lat' dir='ltr'><strong>ess-et</strong></span> <span class='ocrx_word' id='word_1_165' title='bbox 1867 3082 1939 3121; x_wconf 72' lang='lat' dir='ltr'><strong>ne</strong></span> <span class='ocrx_word' id='word_1_166' title='bbox 1968 3081 2068 3141; x_wconf 76' lang='lat' dir='ltr'><strong>1ue</strong></span> <span class='ocrx_word' id='word_1_167' title='bbox 2108 3060 2228 3123; x_wconf 84' lang='lat' dir='ltr'><strong>nisi</strong></span> <span class='ocrx_word' id='word_1_168' title='bbox 2271 3060 2585 3123; x_wconf 84' lang='lat' dir='ltr'><strong>lenissime</strong></span> <span class='ocrx_word' id='word_1_169' title='bbox 2629 3083 2744 3124; x_wconf 82' lang='lat' dir='ltr'><strong>vox</strong></span> <span class='ocrx_word' id='word_1_170' title='bbox 2771 3069 3133 3141; x_wconf 80' lang='lat' dir='ltr'><strong>resonasset,</strong></span> 
     </span>
     <span class='ocr_line' id='line_1_22' title="bbox 894 3170 3148 3255; baseline 0.002 -22"><span class='ocrx_word' id='word_1_171' title='bbox 894 3170 1159 3233; x_wconf 81' lang='lat' dir='ltr'><strong>artifieio</strong></span> <span class='ocrx_word' id='word_1_172' title='bbox 1211 3192 1357 3233; x_wconf 86' lang='lat' dir='ltr'><strong>usus</strong></span> <span class='ocrx_word' id='word_1_173' title='bbox 1407 3179 1565 3234; x_wconf 87' lang='lat' dir='ltr'><strong>esset</strong></span> <span class='ocrx_word' id='word_1_174' title='bbox 1610 3194 1645 3233; x_wconf 86' lang='lat' dir='ltr'><strong>a</strong></span> <span class='ocrx_word' id='word_1_175' title='bbox 1692 3173 2010 3255; x_wconf 75' lang='lat' dir='ltr'><strong>tragoedia</strong></span> <span class='ocrx_word' id='word_1_176' title='bbox 2057 3173 2289 3251; x_wconf 86' lang='lat' dir='ltr'><strong>alieno;</strong></span> <span class='ocrx_word' id='word_1_177' title='bbox 2340 3181 2424 3250; x_wconf 84' lang='lat' dir='ltr'><strong>at,</strong></span> <span class='ocrx_word' id='word_1_178' title='bbox 2471 3196 2613 3237; x_wconf 76' lang='lat' dir='ltr'><strong>euin</strong></span> <span class='ocrx_word' id='word_1_179' title='bbox 2661 3174 2726 3237; x_wconf 91' lang='lat' dir='ltr'><strong>in</strong></span> <span class='ocrx_word' id='word_1_180' title='bbox 2775 3176 2975 3237; x_wconf 86' lang='lat' dir='ltr'><strong>maius</strong></span> <span class='ocrx_word' id='word_1_181' title='bbox 3019 3196 3148 3238; x_wconf 88' lang='lat' dir='ltr'><strong>rem</strong></span> 
     </span>
     <span class='ocr_line' id='line_1_23' title="bbox 893 3285 3144 3368; baseline 0.002 -21"><span class='ocrx_word' id='word_1_182' title='bbox 893 3293 1170 3368; x_wconf 82' lang='lat' dir='ltr'><strong>augeret,</strong></span> <span class='ocrx_word' id='word_1_183' title='bbox 1231 3307 1372 3348; x_wconf 87' lang='lat' dir='ltr'><strong>cum</strong></span> <span class='ocrx_word' id='word_1_184' title='bbox 1421 3292 1549 3348; x_wconf 88' lang='lat' dir='ltr'><strong>tam</strong></span> <span class='ocrx_word' id='word_1_185' title='bbox 1599 3285 1791 3349; x_wconf 88' lang='lat' dir='ltr'><strong>claras</strong></span> <span class='ocrx_word' id='word_1_186' title='bbox 1839 3286 2127 3350; x_wconf 87' lang='lat' dir='ltr'><strong>redderet</strong></span> <span class='ocrx_word' id='word_1_187' title='bbox 2173 3310 2349 3351; x_wconf 88' lang='lat' dir='ltr'><strong>voces</strong></span> <span class='ocrx_word' id='word_1_188' title='bbox 2396 3287 2569 3350; x_wconf 81' lang='lat' dir='ltr'><strong>Eeho</strong></span> <span class='ocrx_word' id='word_1_189' title='bbox 2620 3294 2694 3350; x_wconf 90' lang='lat' dir='ltr'><strong>ut</strong></span> <span class='ocrx_word' id='word_1_190' title='bbox 2744 3286 3144 3351; x_wconf 81' lang='lat' dir='ltr'><strong>Andromeda</strong></span> 
     </span>
     <span class='ocr_line' id='line_1_24' title="bbox 896 3399 3145 3486; baseline 0.001 -24"><span class='ocrx_word' id='word_1_191' title='bbox 896 3406 1144 3483; x_wconf 81' lang='lat' dir='ltr'><strong>rogaret</strong></span> <span class='ocrx_word' id='word_1_192' title='bbox 1204 3400 1345 3482; x_wconf 89' lang='lat' dir='ltr'><strong>quis</strong></span> <span class='ocrx_word' id='word_1_193' title='bbox 1405 3400 1645 3463; x_wconf 85' lang='lat' dir='ltr'><strong>adesset</strong></span> <span class='ocrx_word' id='word_1_194' title='bbox 1708 3405 1766 3461; x_wconf 85' lang='lat' dir='ltr'><strong>et</strong></span> <span class='ocrx_word' id='word_1_195' title='bbox 1828 3399 2055 3464; x_wconf 85' lang='lat' dir='ltr'><strong>deinde</strong></span> <span class='ocrx_word' id='word_1_196' title='bbox 2120 3408 2192 3463; x_wconf 87' lang='lat' dir='ltr'><strong>ut</strong></span> <span class='ocrx_word' id='word_1_197' title='bbox 2237 3407 2440 3463; x_wconf 86' lang='lat' dir='ltr'><strong>tacere</strong></span> <span class='ocrx_word' id='word_1_198' title='bbox 2489 3401 2700 3477; x_wconf 80' lang='lat' dir='ltr'><strong>vellet,</strong></span> <span class='ocrx_word' id='word_1_199' title='bbox 2752 3401 3145 3486; x_wconf 80' lang='lat' dir='ltr'><strong>aptissimum</strong></span> 
     </span>
     <span class='ocr_line' id='line_1_25' title="bbox 897 3514 3141 3594; baseline 0.001 -18"><span class='ocrx_word' id='word_1_200' title='bbox 897 3521 1028 3577; x_wconf 87' lang='lat' dir='ltr'><strong>erat</strong></span> <span class='ocrx_word' id='word_1_201' title='bbox 1097 3514 1211 3577; x_wconf 84' lang='lat' dir='ltr'><strong>hoc</strong></span> <span class='ocrx_word' id='word_1_202' title='bbox 1274 3516 1599 3578; x_wconf 81' lang='lat' dir='ltr'><strong>inventum</strong></span> <span class='ocrx_word' id='word_1_203' title='bbox 1657 3537 1782 3578; x_wconf 88' lang='lat' dir='ltr'><strong>non</strong></span> <span class='ocrx_word' id='word_1_204' title='bbox 1831 3515 1907 3578; x_wconf 87' lang='lat' dir='ltr'><strong>ad</strong></span> <span class='ocrx_word' id='word_1_205' title='bbox 1956 3516 2194 3578; x_wconf 86' lang='lat' dir='ltr'><strong>animos</strong></span> <span class='ocrx_word' id='word_1_206' title='bbox 2240 3516 2600 3578; x_wconf 88' lang='lat' dir='ltr'><strong>auditorum</strong></span> <span class='ocrx_word' id='word_1_207' title='bbox 2650 3515 3141 3594; x_wconf 75' lang='lat' dir='ltr'><strong>commovend08‚</strong></span> 
     </span>
     <span class='ocr_line' id='line_1_26' title="bbox 902 3626 3139 3712; baseline 0.002 -23"><span class='ocrx_word' id='word_1_208' title='bbox 902 3626 1068 3711; x_wconf 90' lang='lat' dir='ltr'><strong>quod</strong></span> <span class='ocrx_word' id='word_1_209' title='bbox 1117 3627 1364 3712; x_wconf 74' lang='lat' dir='ltr'><strong>Eugero</strong></span> <span class='ocrx_word' id='word_1_210' title='bbox 1413 3627 1757 3705; x_wconf 81' lang='lat' dir='ltr'><strong>videbatur,</strong></span> <span class='ocrx_word' id='word_1_211' title='bbox 1802 3628 1906 3691; x_wconf 84' lang='lat' dir='ltr'><strong>sed</strong></span> <span class='ocrx_word' id='word_1_212' title='bbox 1951 3629 2026 3691; x_wconf 89' lang='lat' dir='ltr'><strong>ad</strong></span> <span class='ocrx_word' id='word_1_213' title='bbox 2067 3628 2387 3692; x_wconf 85' lang='lat' dir='ltr'><strong>theatrum</strong></span> <span class='ocrx_word' id='word_1_214' title='bbox 2430 3628 2909 3692; x_wconf 82' lang='lat' dir='ltr'><strong>exhilarandum</strong></span> <span class='ocrx_word' id='word_1_215' title='bbox 2937 3651 3139 3712; x_wconf 89' lang='lat' dir='ltr'><strong>neque</strong></span> 
     </span>
     <span class='ocr_line' id='line_1_27' title="bbox 899 3740 3149 3829; baseline 0.002 -26"><span class='ocrx_word' id='word_1_216' title='bbox 899 3740 1121 3804; x_wconf 86' lang='lat' dir='ltr'><strong>dubito</strong></span> <span class='ocrx_word' id='word_1_217' title='bbox 1169 3743 1323 3827; x_wconf 87' lang='lat' dir='ltr'><strong>quin</strong></span> <span class='ocrx_word' id='word_1_218' title='bbox 1373 3743 1688 3806; x_wconf 85' lang='lat' dir='ltr'><strong>auditores</strong></span> <span class='ocrx_word' id='word_1_219' title='bbox 1736 3742 1966 3829; x_wconf 87' lang='lat' dir='ltr'><strong>quibus</strong></span> <span class='ocrx_word' id='word_1_220' title='bbox 2014 3765 2194 3806; x_wconf 86' lang='lat' dir='ltr'><strong>aures</strong></span> <span class='ocrx_word' id='word_1_221' title='bbox 2240 3750 2467 3806; x_wconf 85' lang='lat' dir='ltr'><strong>teretes</strong></span> <span class='ocrx_word' id='word_1_222' title='bbox 2514 3751 2719 3807; x_wconf 86' lang='lat' dir='ltr'><strong>esseut</strong></span> <span class='ocrx_word' id='word_1_223' title='bbox 2756 3742 3149 3808; x_wconf 88' lang='lat' dir='ltr'><strong>subridentes</strong></span> 
     </span>
     <span class='ocr_line' id='line_1_28' title="bbox 900 3854 2924 3939; baseline 0.001 -22"><span class='ocrx_word' id='word_1_224' title='bbox 900 3855 1013 3918; x_wconf 88' lang='lat' dir='ltr'><strong>hoe</strong></span> <span class='ocrx_word' id='word_1_225' title='bbox 1064 3854 1521 3918; x_wconf 84' lang='lat' dir='ltr'><strong>Andromedam</strong></span> <span class='ocrx_word' id='word_1_226' title='bbox 1571 3857 1733 3920; x_wconf 85' lang='lat' dir='ltr'><strong>inter</strong></span> <span class='ocrx_word' id='word_1_227' title='bbox 1782 3865 1844 3920; x_wconf 89' lang='lat' dir='ltr'><strong>et</strong></span> <span class='ocrx_word' id='word_1_228' title='bbox 1890 3857 2063 3920; x_wconf 84' lang='lat' dir='ltr'><strong>Echo</strong></span> <span class='ocrx_word' id='word_1_229' title='bbox 2113 3857 2499 3939; x_wconf 84' lang='lat' dir='ltr'><strong>colloquium</strong></span> <span class='ocrx_word' id='word_1_230' title='bbox 2547 3858 2924 3921; x_wconf 82' lang='lat' dir='ltr'><strong>audiverint.</strong></span> 
     </span>
    </p>
   </div>
   <div class='ocr_carea' id='block_1_3' title="bbox 899 4047 3149 4591">
    <p class='ocr_par' dir='ltr' id='par_1_6' title="bbox 899 4047 3149 4591">
     <span class='ocr_line' id='line_1_29' title="bbox 900 4047 2715 4135; baseline 0.001 -18"><span class='ocrx_word' id='word_1_231' title='bbox 900 4055 1004 4119; x_wconf 79' lang='lat' dir='ltr'><strong>Vs.</strong></span> <span class='ocrx_word' id='word_1_232' title='bbox 1062 4047 1266 4117; x_wconf 73' lang='grc'><strong>1098.</strong></span> <span class='ocrx_word' id='word_1_233' title='bbox 1333 4051 1373 4117; x_wconf 72' lang='grc' dir='ltr'><strong><em>ὦ</em></strong></span> <span class='ocrx_word' id='word_1_234' title='bbox 1421 4054 1551 4126; x_wconf 62' lang='lat' dir='ltr'><strong>oso),</strong></span> <span class='ocrx_word' id='word_1_235' title='bbox 1600 4054 1704 4118; x_wconf 83' lang='grc' dir='ltr'><strong><em>τίν’</em></strong></span> <span class='ocrx_word' id='word_1_236' title='bbox 1762 4057 1821 4127; x_wconf 79' lang='grc' dir='ltr'><strong>ἐς</strong></span> <span class='ocrx_word' id='word_1_237' title='bbox 1870 4063 1984 4132; x_wconf 71' lang='grc' dir='ltr'><strong>γῆν</strong></span> <span class='ocrx_word' id='word_1_238' title='bbox 2034 4055 2349 4135; x_wconf 74' lang='grc' dir='ltr'><strong><em>βαρβαρων</em></strong></span> <span class='ocrx_word' id='word_1_239' title='bbox 2394 4057 2715 4134; x_wconf 67' lang='grc' dir='ltr'><strong>ἀφίγμεθα</strong></span> 
     </span>
     <span class='ocr_line' id='line_1_30' title="bbox 1344 4168 2626 4249; baseline 0.001 -17"><span class='ocrx_word' id='word_1_240' title='bbox 1344 4177 1539 4247; x_wconf 82' lang='grc' dir='ltr'><strong><em>ταχεῖ</em></strong></span> <span class='ocrx_word' id='word_1_241' title='bbox 1579 4169 1827 4249; x_wconf 67' lang='grc' dir='ltr'><strong><em>πεδίλῳς</em></strong></span> <span class='ocrx_word' id='word_1_242' title='bbox 1879 4170 1977 4233; x_wconf 72' lang='grc' dir='ltr'><strong>δια</strong></span> <span class='ocrx_word' id='word_1_243' title='bbox 2024 4168 2205 4245; x_wconf 73' lang='grc' dir='ltr'><strong><em>μέσον</em></strong></span> <span class='ocrx_word' id='word_1_244' title='bbox 2252 4170 2367 4248; x_wconf 71' lang='grc' dir='ltr'><strong>γαρ</strong></span> <span class='ocrx_word' id='word_1_245' title='bbox 2415 4170 2626 4249; x_wconf 75' lang='grc' dir='ltr'><strong><em>αἰθέρος</em></strong></span> 
     </span>
     <span class='ocr_line' id='line_1_31' title="bbox 1342 4283 2792 4363; baseline 0 -18"><span class='ocrx_word' id='word_1_246' title='bbox 1342 4283 1566 4359; x_wconf 66' lang='grc' dir='ltr'><strong><em>τέμνων</em></strong></span> <span class='ocrx_word' id='word_1_247' title='bbox 1615 4283 1872 4346; x_wconf 74' lang='grc' dir='ltr'><strong><em>κέλευθον</em></strong></span> <span class='ocrx_word' id='word_1_248' title='bbox 1923 4284 2076 4347; x_wconf 61' lang='grc' dir='ltr'><strong>ποῖα</strong></span> <span class='ocrx_word' id='word_1_249' title='bbox 2123 4283 2321 4359; x_wconf 70' lang='grc' dir='ltr'>τίθημ’</span> <span class='ocrx_word' id='word_1_250' title='bbox 2371 4283 2684 4363; x_wconf 69' lang='grc' dir='ltr'><strong><em>ὑπόπτερον</em></strong></span> <span class='ocrx_word' id='word_1_251' title='bbox 2721 4354 2792 4363; x_wconf 72' lang='grc'><strong>-</strong></span> 
     </span>
     <span class='ocr_line' id='line_1_32' title="bbox 988 4392 3146 4478; baseline 0.001 -19"><span class='ocrx_word' id='word_1_252' title='bbox 988 4396 1195 4460; x_wconf 77' lang='grc' dir='ltr'><strong>801ιο1.</strong></span> <span class='ocrx_word' id='word_1_253' title='bbox 1259 4398 1336 4467; x_wconf 73' lang='grc' dir='ltr'><strong>εἷς</strong></span> <span class='ocrx_word' id='word_1_254' title='bbox 1396 4396 1619 4475; x_wconf 78' lang='grc' dir='ltr'><strong><em>Περσέα</em></strong></span> <span class='ocrx_word' id='word_1_255' title='bbox 1681 4392 1748 4469; x_wconf 75' lang='grc' dir='ltr'><strong>ἐξ</strong></span> <span class='ocrx_word' id='word_1_256' title='bbox 1808 4395 2205 4476; x_wconf 72' lang='grc' dir='ltr'><strong><em>Ἀνδρομέδας</em></strong></span> <span class='ocrx_word' id='word_1_257' title='bbox 2266 4397 2395 4477; x_wconf 76' lang='grc' dir='ltr'><strong><em>τρία</em></strong></span> <span class='ocrx_word' id='word_1_258' title='bbox 2440 4398 2519 4460; x_wconf 68' lang='grc' dir='ltr'><strong>τα</strong></span> <span class='ocrx_word' id='word_1_259' title='bbox 2569 4403 2786 4478; x_wconf 76' lang='grc' dir='ltr'><strong>πρῶτα.</strong></span> <span class='ocrx_word' id='word_1_260' title='bbox 2841 4397 2943 4462; x_wconf 83' lang='lat' dir='ltr'><strong>Fr.</strong></span> <span class='ocrx_word' id='word_1_261' title='bbox 2999 4400 3146 4461; x_wconf 74' lang='lat'><strong>1:23.</strong></span> 
     </span>
     <span class='ocr_line' id='line_1_33' title="bbox 899 4508 3149 4591; baseline 0.001 -17"><span class='ocrx_word' id='word_1_262' title='bbox 899 4510 1073 4574; x_wconf 77' lang='grc' dir='ltr'><strong>Ἐστὶ</strong></span> <span class='ocrx_word' id='word_1_263' title='bbox 1138 4510 1396 4589; x_wconf 75' lang='grc' dir='ltr'><strong><em>Περσέως</em></strong></span> <span class='ocrx_word' id='word_1_264' title='bbox 1455 4508 1769 4588; x_wconf 79' lang='lat' dir='ltr'><strong>Pritsche;</strong></span> <span class='ocrx_word' id='word_1_265' title='bbox 1828 4510 1935 4574; x_wconf 90' lang='lat' dir='ltr'><strong>sed</strong></span> <span class='ocrx_word' id='word_1_266' title='bbox 1997 4510 2250 4576; x_wconf 83' lang='lat' dir='ltr'><strong>fortasse</strong></span> <span class='ocrx_word' id='word_1_267' title='bbox 2310 4512 2388 4583; x_wconf 75' lang='grc' dir='ltr'><strong>εἰς</strong></span> <span class='ocrx_word' id='word_1_268' title='bbox 2445 4511 2673 4591; x_wconf 86' lang='grc' dir='ltr'><strong><em>Περσέα</em></strong></span> <span class='ocrx_word' id='word_1_269' title='bbox 2721 4536 2794 4576; x_wconf 81' lang='lat' dir='ltr'><strong>ex</strong></span> <span class='ocrx_word' id='word_1_270' title='bbox 2835 4511 3149 4578; x_wconf 82' lang='lat' dir='ltr'><strong>vocabulis</strong></span> 
     </span>
    </p>
   </div>
  </div>
 </body>
</html>
