3875 5634
1496 1690 2541 1778 PRAEFATIO.

985 2260 1355 2349 Saepissime
1417 2258 1900 2347 Aristophanem
1963 2255 2241 2323 versibus
2300 2257 2563 2324 aliorum
2625 2261 2971 2343 poetarum,
3020 2256 3147 2343 epi·

892 2396 1127 2454 corum,
1189 2374 1548 2461 lyricorum,
1619 2372 1904 2461 inprimis
1964 2371 2342 2458 tragicorum
2403 2394 2587 2438 usum
2650 2395 2781 2437 esse
2828 2371 3143 2437 neminem

890 2488 1051 2553 latet
1109 2488 1222 2573 qui
1281 2488 1416 2552 eius
1476 2485 1822 2552 comoedias
1885 2486 2243 2572 inspexerit.
2296 2486 2424 2568 Qui
2471 2487 2521 2552 si
2569 2509 2779 2552 omnes
2823 2487 2891 2552 in
2935 2486 3143 2552 lucem

890 2601 1172 2688 protrahi
1219 2607 1491 2688 possent,
1534 2601 1737 2666 multa
1782 2623 1943 2686 quae
1989 2623 2159 2666 nunc
2205 2599 2468 2686 caligine
2517 2599 2786 2666 obducta
2824 2607 2974 2665 sunt
3011 2622 3145 2687 per·

890 2715 1105 2802 spicua
1165 2717 1374 2781 forent
1432 2715 1794 2800 multasque
1858 2714 2089 2780 summi
2133 2714 2352 2779 comici
2395 2714 2647 2779 facetias
2692 2714 2916 2780 melius
2959 2715 3144 2780 intel-

887 2831 1257 2916 legeremus.

976 2943 1321 3029 Plerosque
1368 2944 1493 3008 iam
1538 2943 1892 3028 tetigerunt
1934 2942 2102 3008 locos
2149 2943 2264 3008 viri
2309 2942 2479 3008 docti
2522 2943 2632 3028 qui
2671 2942 3145 3008 commentarios

888 3058 954 3122 in
992 3057 1477 3145 Aristophanem
1520 3057 1933 3144 scripserunt3
1984 3056 2201 3122 sedulo
2246 3056 2323 3121 de
2366 3057 2622 3144 parodia
2667 3062 2933 3142 egerunt
2976 3057 3142 3122 inter

888 3172 1043 3237 alios
1105 3170 1386 3236 Taeuber
1447 3177 1512 3236 et
1572 3169 1853 3236 Ribbeck
1905 3169 1970 3255 ¹).
2035 3169 2319 3251 Quorum
2375 3172 2604 3259 scripta
2665 3170 2939 3236 multum
2987 3170 3142 3236 mihi

888 3285 1281 3373 profuerunt.
1348 3283 1510 3350 Cum
1566 3285 1779 3349 autem
1839 3307 1968 3349 non
2030 3307 2241 3349 omnes
2301 3291 2376 3349 ut
2425 3284 2584 3349 mihi
2629 3284 2927 3349 videntur
2972 3284 3141 3350 locos

887 3398 1302 3465 indicaverint
1359 3420 1566 3483 neque
1628 3398 1747 3464 sibi
1795 3397 2239 3485 proposuerint
2281 3397 2582 3463 indicatos
2626 3398 2794 3463 locos
2840 3399 3142 3485 interpre-

885 3513 1009 3578 tari
1044 3535 1173 3577 non
1210 3518 1349 3577 acta
1387 3510 1545 3576 mihi
1579 3534 1761 3597 agere
1797 3509 2051 3577 videbar
2087 3510 2369 3597 parodias
2407 3510 2893 3598 Aristophaneas
2932 3486 3140 3577 denuo

884 3626 1183 3711 colligens
1227 3632 1293 3690 et
1339 3622 1450 3689 ubi
1496 3647 1656 3712 opus
1703 3632 1866 3691 esset
1916 3623 2427 3691 annotationibus
2471 3623 2807 3691 instruens.

952 3889 989 3950 ¹)
1023 3889 1088 3939 H.
1135 3889 1372 3939 Tsenber.
1420 3889 1500 3939 De
1542 3905 1636 3938 m
1673 3887 1923 3952 pandiae
1965 3887 2102 3952 apud
2139 3887 2531 3951 Aristophanen.
2579 3887 2851 3938 Nachrieht
2897 3904 2992 3939 von
3028 3888 3140 3940 clem

884 3981 1009 4031 Κὸιι.
1043 3979 1558 4031 Joachimsthalschen
1593 3980 1933 4045 Gymnasium.
1972 3980 2213 4030 Berolini.
2252 3981 2396 4030 1849.

950 4073 1232 4124 Woldemar
1280 4072 1519 4122 Ribbeck.
1572 4073 1651 4121 De
1696 4087 1789 4121 usu
1828 4071 2075 4136 pandiae
2123 4071 2258 4135 apud
2302 4070 2506 4121 comicos
2538 4071 2920 4122 Atheniensium.
2957 4074 3079 4124 Pars
3112 4074 3138 4125 1

883 4165 1163 4225 (continens
1207 4164 1461 4230 epicorum
1508 4163 1770 4230 parodias).
1818 4163 1878 4213 In
1931 4169 2293 4229 programmate
2324 4163 2565 4227 gymnasii
2602 4162 2708 4214 Col.
2742 4164 2951 4232 Agripp.
2994 4166 3141 4216 Bero-

883 4257 996 4308 lini.
1033 4255 1179 4311 1861.

948 4350 1023 4402 Ῑᾶ.
1074 4350 1174 4401 Die
1219 4348 1497 4399 Parodana„
1533 4348 1610 4398 bei
1641 4348 1738 4398 den
1771 4347 2031 4398 Atti-tehen
2069 4347 2348 4398 Kmm‘km.
2393 4347 2599 4398 Zweiter
2634 4347 2797 4398 Theil.
2848 4349 3137 4400 zeitschrift

818 4478 823 4485 -
883 4442 964 4493 ffir
998 4443 1084 4493 das
1115 4442 1564 4508 Gymnasialweeen
1601 4440 1759 4490 xvn.
1796 4440 2039 4491 Berolini.
2081 4440 2225 4490 1863.

949 4533 1022 4585 ld.
1075 4535 1173 4585 ,Die
1221 4533 1554 4584 ἀνααίδευ
1600 4532 1879 4582 Ρανοάίσόκ
1930 4531 2007 4581 bei
2051 4532 2145 4581 den
2191 4530 2444 4581 Attiecken
2492 4531 2770 4584 Konikm.
2823 4531 3136 4598 Epimetrnm

886 4625 1228 4675 commentarii
1262 4624 1317 4675 in
1351 4623 1695 4674 Achai-nenses
1729 4608 2099 4688 Aristophanis.
2136 4621 2349 4688 Lipsiae.
2388 4622 2532 4672 1864.
