3875 5634
939 712 1020 775 66
1898 726 2159 772 vassu.

980 896 1186 961 Schol.
1249 895 1331 960 ad
1394 898 1522 960 148
1537 897 1608 959 2:
1675 893 2031 975 ὀρχούμενος
2089 894 2117 959 ὅ
2174 893 2356 975 γέρων
2416 892 2838 974 τραγικεύετάι.
2888 892 3163 960 Videtur

896 1009 1011 1074 hoc
1056 1009 1374 1074 canticum
1422 1016 1607 1074 cento
1657 1030 1787 1072 esse
1832 1029 2128 1073 versuum
2177 1007 2558 1092 tragicorum
2605 1007 2986 1073 intermixtis
3033 1030 3158 1073 ver·

894 1122 1065 1188 sibus
1109 1123 1307 1209 ipsius
1356 1121 1824 1208 Aristophanis.

987 1237 1089 1301 Ad
1140 1239 1309 1301 1490
1335 1264 1349 1302 :
1390 1238 1663 1310 Πτήσσει
1693 1232 1999 1317 Φρύνιχος·
2027 1234 2311 1316 ποιροιμίοι
2333 1232 2571 1299 ἐπὶτῶν
2593 1235 2774 1300 κοικόν
2801 1259 2858 1300 τι
2884 1236 3161 1318 πασχόν-

896 1374 1009 1415 των
1052 1351 1174 1416 ἀπὸ
1223 1349 1513 1431 Φρυνίχου
1557 1352 1661 1415 τοῦ
1705 1352 2004 1429 τραγικοῦ.
2055 1346 2452 1433 Quamquam
2499 1371 2572 1413 ea
2618 1370 2778 1433 quae
2825 1349 3161 1466 subiungit

893 1463 1261 1530 scholiasta.
1311 1463 1744 1545 ὑποκρινόμενον
1788 1462 1906 1544 γὰρ
1952 1461 2132 1527 αὐτον
2178 1462 2285 1536 τήν
2332 1462 2601 1537 Μιλήτου
2640 1460 2876 1529 ἅλωσιν
2899 1489 2950 1530 οι
2973 1465 3156 1540 Aen-

894 1585 1040 1643 νάῖοι
1109 1577 1508 1659 δακρύσαντες
1580 1572 1870 1653 ἐξέβαλον
1940 1576 2240 1642 δεδοικότα
2297 1599 2402 1641 κοιι
2468 1575 2926 1651 ὑποπτήσσοντα
2975 1578 3158 1644 nihili

894 1699 1062 1773 sunt,
1125 1714 1267 1757 vere
1327 1697 1541 1756 tamen
1587 1689 1749 1755 vidit
1796 1687 2224 1775 Phrynichum
2276 1690 2583 1774 tragicum
2629 1691 2782 1777 peti,
2833 1698 2910 1757 ut
2954 1700 3160 1758 osten·

896 1805 991 1870 dit
1050 1805 1297 1871 collatis
1356 1828 1475 1870 vss.
1540 1804 1713 1869 1478
1773 1825 1906 1889 sqq.
1959 1802 2381 1882 Halbertsma,
2429 1801 2685 1889 Prosop.
2735 1806 2930 1870 Arist.
2978 1827 3039 1892 p.
3092 1807 3152 1870 8.

894 1918 1170 1984 Eandem
1217 1919 1547 2007 amplexus
1594 1917 1977 1983 sententiam
2024 1916 2251 1983 Nauck
2297 1918 2430 2004 ipsa
2477 1916 2816 2003 Phrynichi
2853 1918 3040 1985 verba
3074 1917 3153 1984 ab

893 2034 1002 2097 Ar.
1071 2034 1366 2099 traducta
1426 2057 1557 2098 esse
1618 2031 1985 2098 arbitratur.
2053 2031 2161 2098 Vs.
2233 2034 2400 2097 1490
2461 2034 2712 2108 πτήσσει
2754 2072 2844 2083 -
2890 2034 3153 2118 ἀλέκτωρ

894 2149 1210 2233 parodiam
1268 2161 1402 2214 es'se
1449 2148 1680 2212 statuit
1722 2169 1939 2212 versus
1984 2170 2021 2210 a
2066 2145 2411 2212 Plutarcho
2454 2147 2587 2211 sine
2634 2156 2853 2233 poetae
2898 2149 3152 2214 nomine

894 2255 1089 2343 allati,
1137 2265 1350 2328 Amat.
1401 2287 1454 2328 c.
1511 2266 1612 2327 18.
1663 2285 1724 2349 p.
1780 2263 1905 2325 762
1956 2261 2039 2327 F:
2092 2259 2301 2338 ἔπτηξ’
2347 2262 2606 2344 ἀλέκτωρ
2651 2264 2854 2329 δοῦλον
2901 2263 2975 2337 ὣς
3021 2267 3148 2330 κλί-

892 2400 999 2450 νας
1044 2377 1266 2458 πτερόν,
1314 2399 1503 2462 quem
1549 2375 1908 2461 Phrynicho
1959 2374 2207 2454 tribuit,
2255 2376 2329 2440 fr.
2378 2373 2527 2441 Phr.
2570 2377 2690 2441 inc.
2745 2380 2846 2457 16,
2891 2399 2952 2463 p.
2997 2379 3147 2443 561.

893 2487 990 2553 De
1034 2513 1124 2554 vs.
1178 2492 1350 2554 1492
1395 2489 1485 2554 sic
1532 2490 1774 2576 pergit:
1820 2537 1861 2567 „
1882 2489 2062 2554 Sicut
2106 2486 2306 2553 verbis
2349 2490 2600 2563 πτήσσει
2644 2489 2908 2572 ἀλέκτωρ
2955 2489 3150 2577 Phry-

890 2602 1119 2682 „nichi
1177 2626 1393 2669 versus
1448 2603 1713 2681 ridetur,
1777 2603 1866 2667 ita
1928 2624 2091 2687 quae
2149 2608 2504 2687 sequuntur
2547 2625 2672 2668 non
2722 2601 2946 2669 dubito
2991 2605 3148 2689 quin

889 2716 1164 2796 „eodem
1213 2740 1247 2781 e
1285 2723 1474 2804 poeta
1512 2715 1783 2803 repetita
1815 2716 1964 2781 sint.
2004 2714 2217 2801 Comp.
2255 2714 2433 2803 Vesp.
2464 2719 2635 2780 1524
2659 2717 2859 2797 ταχὺν
2883 2718 3152 2784 πόδα-

888 2833 1171 2911 ,,θεοιτοιι’.
1236 2831 1405 2898 Hinc
1465 2832 1748 2918 suspicor
1795 2832 2025 2896 dixisse
2071 2830 2537 2917 Phrynichum:
2585 2831 2788 2912 ταχὺν
2832 2831 3000 2897 πόδα
3042 2857 3146 2898 κυ-

887 2995 928 3026 ,,
947 2947 1292 3026 κλοσοβήσω
1334 2944 1345 3036 Ι
1383 2945 1592 3018 σκέλος
1653 2945 1902 3028 οὐράνιόν
1964 2946 2027 3024 γ’
2084 2944 2460 3026 ἐκλακτίζων.
2509 2945 2717 3010 Etiam
2765 2945 3146 3033 Eupolidem

888 3058 1139 3146 „(Gom.
1207 3063 1245 3123 2
1292 3083 1356 3148 p.
1410 3060 1561 3143 569)
1608 3060 1812 3125 ris'isse
1860 3058 2327 3145 Phrynicheum
2376 3057 2549 3124 istud
2594 3059 2960 3141 ἐκλάκτίζειν
3004 3083 3143 3148 pro·

883 3171 1145 3253 „babile
1190 3180 1303 3255 est,
1353 3173 1431 3239 cf.
1484 3172 1689 3239 Schol.
1740 3174 1850 3238 Ar.
1898 3171 2086 3258 Vesp.
2140 3175 2309 3237 1492
2359 3180 2423 3238 et
2472 3172 2705 3238 1524.”

976 3287 1076 3375 (In
1129 3288 1227 3354 his
1272 3288 1530 3354 scholiis
1576 3288 1741 3354 nihil
1788 3287 1968 3353 aliud
2012 3288 2247 3374 legitur
2292 3311 2479 3373 quam
2526 3289 2625 3353 καὶ
2669 3289 2808 3370 παρ’
2858 3289 3144 3357 Εὐπόλιδι

879 3402 1244 3483 ἐκλακτίζειν
1296 3412 1361 3469 et
1405 3402 1511 3469 καὶ
1559 3405 1661 3469 οὐκ
1706 3402 1909 3475 ἄλλως
1958 3404 2105 3468 αὐτὸ
2153 3403 2411 3476 Εὔπολις
2457 3398 2675 3490 εἶπεν.)

840 3567 849 3574 .
967 3517 1148 3599 Quae
1219 3517 1499 3584 Nauckii
1565 3517 1927 3583 coniectura
1988 3539 2142 3582 num
2203 3540 2347 3583 vera
2405 3517 2490 3583 sit
2551 3517 2793 3583 dubito.
2857 3516 3063 3584 Versu
3108 3541 3147 3584 a

874 3629 1044 3695 Plut.
1113 3631 1329 3710 allato,
1377 3628 1590 3707 ἔπτηξ’
1640 3631 1743 3696 κτὲ
1792 3654 1994 3696 sermo
2042 3640 2136 3695 est
2182 3631 2258 3696 de
2306 3631 2553 3696 homine
2600 3653 2786 3716 quem
2835 3633 2997 3699 vires
3042 3634 3144 3698 de·

870 3744 1094 3809 ficiunt
1139 3751 1203 3809 et
1250 3746 1361 3829 qui
1405 3768 1533 3810 non
1581 3746 1826 3811 diutius
1866 3746 2120 3810 resistit.
2164 3746 2285 3811 Sed
2325 3769 2396 3810 ea
2433 3746 2744 3810 sententia
2769 3769 2805 3809 a
2828 3745 2965 3811 loco
2990 3745 3140 3812 Ves-

862 3869 1085 3944 parum
1137 3866 1265 3923 tam
1310 3859 1519 3924 aliena
1563 3868 1660 3924 est
1711 3866 1789 3923 ut
1832 3860 2273 3946 Aristophanis
2320 3861 2533 3925 animo
2573 3882 2708 3923 eam
2749 3859 3132 3925 obversatam

868 3995 1002 4038 esse
1046 3974 1305 4039 minime
1356 3974 1698 4039 verisimile
1743 3975 1846 4039 sit.
1888 3957 2141 4040 'Deinde
2179 3997 2307 4040 non
2345 3974 2531 4039 verba
2569 3973 2906 4060 Phrynichi
2940 3976 3143 4041 risisse

857 4088 967 4152 Ar.
1018 4087 1138 4152 sed
1186 4087 1541 4153 saltationis
1572 4088 1859 4169 schema,
1909 4111 2038 4154 non
2087 4087 2344 4154 verbum
2391 4088 2760 4169 ἑκλοικτίζειν
2799 4087 2908 4153 sed
2932 4089 3140 4176 ipsum

857 4200 1250 4281 ἑκλάκτίζειν,
1302 4209 1569 4289 apparet
1618 4224 1655 4266 e
1696 4225 1786 4268 vs.
1845 4205 2040 4267 1524.

949 4313 1043 4378 Ut
1091 4338 1178 4379 vs.
1236 4317 1413 4380 1490
1464 4316 1815 4402 expediam,
1864 4305 2067 4381 aliam
2101 4315 2257 4381 mihi
2293 4315 2481 4382 liceat
2518 4339 2865 4404 proponere
2901 4317 3143 4384 coniec-

854 4433 1063 4492 turam
1087 4477 1103 4493 .
2334 4416 2341 4424 ’
2718 4419 2722 4422 ’

947 4537 1345 4627 Phrynichus
1401 4542 1758 4610 saltationis
1816 4543 2275 4629 peritissimus,
2339 4543 2493 4609 Ath.
2559 4543 2595 4608 1
2653 4567 2707 4610 c.
2756 4545 2862 4625 39,
2909 4567 2973 4632 p.
3024 4547 3137 4626 22,
