3875 5634
1457 765 2158 811 rnnsuornomaznsan.
2761 754 2884 817 113

692 982 734 1011 ,‚
753 955 878 999 non
936 933 1141 1000 solum
1181 932 1260 999 ob
1303 957 1599 1001 numeros
1646 934 1956 1021 verbaque
2000 937 2252 1021 tragica,
2302 938 2408 1003 sed
2459 939 2644 1004 etiam
2693 948 2949 1028 propter

690 1046 921 1126 „illam
1013 1048 1182 1114 vocis
1253 1048 1442 1132 λάθρᾳ
1520 1049 2022 1134 repetitionem.”
2103 1048 2279 1130 Quae
2356 1052 2622 1137 probans
2701 1052 2944 1140 Enger:

697 1159 923 1236 „Idem
961 1160 1040 1226 de
1082 1161 1284 1227 verbis
1322 1184 1410 1228 vs.
1457 1166 1539 1227 89
1565 1164 1629 1228 τί
1648 1163 1949 1245 &poison-1³3
1976 1164 2097 1229 είπὲ
2121 1190 2219 1243 μοι
2244 1167 2654 1232 animadverti
2680 1171 2948 1254 potest.”

693 1272 857 1339 Fieri
919 1284 1128 1363 potest
1172 1276 1280 1342 sed
1328 1277 1642 1342 incertum
1693 1286 1822 1357 est;
1869 1300 2012 1343 nam
2065 1281 2277 1354 στολὴν
2323 1318 2414 1330 -
2459 1282 2868 1363 ἠμφιεσμένον
2916 1306 2953 1347 a

700 1391 1076 1456 comicorum
1115 1390 1366 1456 dicendi
1404 1414 1634 1476 genere
1672 1414 1798 1458 non
1824 1391 2128 1457 abhorret.
2152 1392 2396 1459 Thesm.
2427 1396 2774 1476 851,·Eccl.
2802 1400 2951 1464 879.

701 1615 809 1682 Vs.
863 1609 1271 1680 101-129,
1323 1615 1418 1682 De
1472 1617 1590 1681 hoc
1652 1616 1945 1697 carmine,
2009 1616 2175 1702 quod
2221 1618 2299 1683 ad
2360 1620 2710 1706 Agathonis
2755 1644 2955 1687 exem-

700 1730 879 1817 plum
924 1731 1341 1817 compositum
1389 1728 1665 1809 videtur,
1714 1730 1854 1795 vide
1898 1729 2217 1816 Engerum
2258 1755 2311 1798 a.
2353 1733 2413 1798 h.
2457 1734 2501 1798 l.
2546 1733 2639 1798 De
2677 1734 2957 1809 Ἀσιάδος

701 1844 1009 1926 κρούματα
1077 1868 1166 1911 vs.
1245 1848 1369 1909 120
1433 1843 1643 1931 Etym.
1708 1844 1800 1910 M.
1863 1843 2040 1918 οὕτως
2101 1847 2229 1929 Ἀρ.
2290 1842 2414 1913 εἶπε
2460 1850 2735 1931 παρῳδῶν
2779 1850 2845 1915 τὸ
2892 1846 2960 1925 ἐξ

700 1959 1023 2042 Ἐρεχθέως
1070 1961 1412 2042 Εὐριπίδου.
1466 1958 1568 2024 Fr.
1621 1960 1774 2023 371.

706 2186 815 2251 Vs.
867 2178 1004 2250 136
1052 2208 1185 2271 sqq.
1234 2183 1501 2258 ποδαπὸς
1549 2186 1575 2250 ὁ
1622 2184 1858 2264 γύννιςς
1906 2184 1997 2258 τίς
2043 2183 2281 2268 πάτρας
2329 2185 2417 2259 τίς
2461 2186 2495 2259 ἡ
2542 2188 2761 2263 στολής

1246 2300 1334 2372 τίς
1378 2300 1411 2374 ἦ
1459 2296 1703 2380 τάραξις
1747 2303 1850 2363 τοῦ
1899 2298 2062 2377 βίους
2110 2300 2172 2363 τί
2213 2298 2498 2380 βάρβιτος

1244 2420 1435 2479 λοολεῖ
1469 2415 1766 2496 κροκωτῷς
1813 2413 1875 2477 τί
1917 2413 1980 2478 δὲ
2026 2412 2173 2494 λύρα
2221 2414 2607 2495 κεκρυφάλῳς

1244 2527 1306 2592 τί
1346 2527 1592 2602 λήκυθος
1636 2526 1740 2592 καὶ
1789 2525 2089 2615 οτρόφιονς
2135 2528 2209 2599 ὤς
2254 2528 2318 2592 οὐ
2364 2523 2682 2608 ξύμφορον.

1245 2641 1335 2716 τίς
1381 2640 1483 2708 aa>
1532 2640 1861 2723 κατόπτρου
1904 2640 2010 2706 καὶ
2055 2638 2260 2723 ξίφους
2306 2643 2596 2719 κοινωνίας
2644 2643 2768 2708 κτὲ.

799 2755 1033 2822 Versus
1093 2757 1273 2822 affert
1331 2778 1365 2820 e
1413 2754 1749 2841 tetralogia
1793 2753 2123 2841 Lycurgia.
2170 2754 2377 2822 Schol.
2424 2756 2585 2835 λέγει
2630 2754 2693 2821 δὲ
2739 2757 2800 2822 ἕν
2843 2763 2963 2830 τοῖς

707 2871 987 2945 Ἠδωνοῖς
1031 2872 1169 2949 πρὸς
1216 2870 1314 2934 τὸν
1361 2868 1786 2950 συλληφθέντα
1828 2867 2125 2934 Διόνυσονι
2167 2869 2428 2943 ποδαπὸς
2472 2869 2499 2933 ὃ
2536 2869 2764 2949 γύννιςς
2791 2868 2966 2935 Nota

704 2990 799 3049 est
842 2983 1101 3049 historia
1145 2982 1310 3069 regis
1356 2981 1742 3063 Edonorum,
1785 2980 2082 3068 Lycurgi,
2121 2983 2231 3068 qni
2271 2983 2590 3048 Bacchum
2627 2984 2955 3071 captivum

711 3120 912 3165 coram
983 3120 1047 3163 se
1116 3097 1265 3163 duci
1327 3097 1531 3176 iussit,
1597 3096 1812 3184 Apoll.
1875 3095 1986 3161 ΙΙΙ
2032 3100 2089 3161 5.
2144 3099 2202 3175 1,
2252 3099 2312 3176 3,
2360 3096 2526 3183 quod
2573 3097 2762 3162 etiam
2807 3097 2966 3163 Pen-

710 3213 895 3278 theus
956 3212 1105 3278 fecit
1162 3234 1351 3297 quem
1414 3233 1558 3277 cum
1623 3210 1870 3276 Baccho
1929 3210 2382 3296 colloquentem
2427 3212 2495 3276 in
2539 3234 2786 3276 scenam
2830 3234 2967 3299 pro·

712 3324 898 3390 duxit
941 3324 1300 3411 Euripides„
1350 3324 1576 3390 Bacch.
1630 3326 1754 3389 451
1806 3345 1964 3409 sqq„
2014 3323 2391 3409 Aeschylum
2437 3325 2740 3390 imitatus.

800 3440 896 3505 Ex
940 3439 1348 3504 annotatione
1395 3438 1762 3503 scholiastae
1810 3460 1938 3503 non
1986 3439 2268 3523 seqnitur
2317 3438 2380 3502 in
2430 3437 2594 3503 hisce
2640 3438 2800 3504 nihil
2844 3439 2967 3505 nisi

716 3554 980 3628 ποδαπὸς
1025 3554 1052 3618 ὁ
1099 3553 1329 3633 γύννιςς
1380 3552 1801 3638 Aeschyleum
1849 3575 1998 3632 esse,
2048 3560 2111 3616 et
2155 3559 2368 3617 contra
2407 3551 2841 3618 Hermannum
2874 3577 2964 3620 vs.

722 3669 846 3731 136
915 3674 1167 3731 tantum
1240 3665 1551 3752 Aeschylo
1612 3664 1998 3731 tribuentem
2061 3663 2215 3729 bene
2274 3663 2618 3751 disputavit
2663 3664 2966 3732 Fritsche.

716 3779 929 3845 Huius
994 3787 1366 3863 argumenta
1427 3786 1599 3859 sunt,
1664 3780 1939 3865 primum
2000 3779 2166 3863 quod
2226 3778 2472 3863 longam
2519 3758 2966 3865 praefationem
3071 3781 3081 3790 ’

714 3893 1102 3981 praemiserit
1172 3896 1304 3966 Ar..
1378 3915 1504 3978 quo
1563 3892 1827 3958 indicari
1888 3914 2014 3956 non
2065 3891 2245 3957 modo
2293 3893 2598 3977 insignem
2642 3893 2963 3979 parodiam

715 4007 1005 4093 subsequi
1052 4030 1271 4073 verum
1320 4009 1510 4072 etiam
1557 4007 1768 4094 plures
1816 4028 1927 4093 per
1972 4029 2182 4071 versus
2230 4007 2656 4071 continuatam
2675 4035 2693 4085 3
2740 4006 2966 4073 deinde

716 4120 953 4186 indoles
1013 4121 1367 4201 verborum,
1431 4122 1717 4207 inprimis
1779 4142 1900 4185 vss.
1977 4123 2119 4201 141,
2173 4124 2334 4200 1443
2380 4121 2651 4205 denique
2695 4122 2972 4187 testimo·

718 4234 892 4299 nium
956 4235 1342 4301 Scholiastae
1390 4235 1468 4299 ad
1515 4259 1603 4299 vs.
1657 4236 1783 4299 136
1833 4233 2143 4319 (Meineke
2191 4235 2327 4299 iure
2374 4234 2438 4298 id
2484 4235 2707 4299 retulit
2753 4234 2831 4299 ad
2881 4257 2966 4301 vs.

720 4351 866 4433 137)
926 4351 1179 4415 ἐντεῦθεν
1238 4349 1345 4422 τὴν
1405 4350 1599 4429 ἀρχὴν
1658 4349 1970 4428 Εὔβουλος
2017 4349 2325 4422 ἐποιήσατο
2371 4354 2473 4413 τοῦ
2525 4350 2837 4424 Διονυσίου,
2885 4350 2968 4415 τά

714 4464 964 4543 ἀνόμοιοι
1028 4469 1142 4529 τῶν
1212 4465 1272 4529 ἐν
1331 4472 1405 4545 τῇ
1472 4464 1769 4528 Διονυσίου
1816 4464 1965 4545 οἰκίᾳ
2010 4463 2379 4540 ›cmxl-57:020.
2428 4461 2751 4528 Eubulum
2802 4464 2968 4529 enim

718 4602 840 4646 non
909 4578 1349 4666 Aristophanis
1420 4578 1562 4643 sed·
1598 4577 1895 4663 Aeschyli
1967 4576 2319 4663 exemplum
2375 4573 2492 4640 sibi
2549 4578 2965 4663 proposuisse.

2685 4688 2715 4729 a

2747 4736 2788 4755 d
