3875 5634
1793 772 2048 818 vasus.
2911 758 2991 820 59

783 940 1041 1028 tophani
1101 941 1236 1027 ipsa
1299 938 1620 1004 Phaedrae
1676 938 1862 1004 verba
1908 940 2037 1005 suis
2083 940 2368 1005 inserere.
2422 940 2585 1005 Satis
2631 949 2764 1006 erat
2805 941 3038 1025 fingere

768 1077 945 1140 quae
1011 1077 1162 1121 sono
1225 1053 1479 1140 tragicis
1533 1053 1763 1118 similia
1825 1061 2050 1134 essent,
2098 1076 2383 1139 quaeque
2430 1053 2646 1120 eodem
2694 1063 2895 1121 metro
2942 1079 3040 1120 eo-

784 1167 1052 1253 demque
1094 1174 1278 1252 gestu
1323 1174 1516 1252 atque
1554 1168 1619 1232 in
1660 1167 1982 1252 tragoedia
2018 1168 2449 1233 recitarentur.
2494 1168 2830 1234 Neminem
2871 1169 3038 1235 enim

782 1280 1165 1359 auditorum,
1235 1280 1470 1365 quibus
1537 1278 1997 1346 nobilissimum
2057 1280 2217 1346 illud
2279 1284 2416 1363 πρὸς
2469 1284 2601 1347 θεῶν
2646 1280 2863 1364 ἔραμαι
2912 1283 3036 1347 κτὲ.

780 1394 1178 1460 notissimum
1226 1402 1380 1476 erat,
1428 1395 1648 1480 fugere
1695 1403 1942 1480 poterat
1993 1394 2339 1459 similitudo
2378 1394 2639 1460 simulac
2677 1396 2871 1461 κείνων
2908 1393 3040 1476 ἔρα-

783 1531 896 1586 μαι
967 1507 1214 1573 audiret
1276 1515 1340 1573 et
1365 1559 1369 1563 .
1395 1511 1542 1574 κεῖθι
1596 1507 1877 1587 γενοίμαν
1942 1515 2339 1595 componeret
2397 1531 2541 1574 cum
2595 1507 2705 1574 εἴθε
2761 1507 3059 1587 γενοίμαν

785 1619 983 1708 Hipp.
1034 1622 1183 1703 230,
1232 1628 1363 1686 aut.
1415 1618 1483 1685 ἵν’
1532 1622 1560 1685 ὖ
1605 1618 1782 1702 κῆρυξ
1826 1620 2006 1702 Φησὶ,
2056 1622 2154 1694 τίς.
2190 1622 2572 1703 ἀψήφιστος-’ς
2622 1644 2763 1687 cum
2813 1619 2906 1686 ἵνα
2951 1624 3042 1696 θη-

738 1715 1005 1818 ’ροφόνοι
1071 1735 1368 1814 στείβουσι
1438 1734 1604 1809 κύνες
1665 1734 1857 1822 Hipp.
1922 1737 2072 1800 216.
2133 1734 2416 1800 Fortasse
2474 1736 2662 1800 etiam
2709 1733 3039 1801 verborum

784 1849 1041 1915 Admeti
1078 1849 1144 1914 in
1193 1847 1520 1915 scribendo
1569 1851 1954 1928 meminerat,
2004 1849 2140 1913 Alc.
2193 1851 2350 1913 866·

1363 1986 1526 2069 ζηλῶ
1572 1987 1907 2069 φθιμένους,
1957 1988 2148 2052 κείνων
2195 1984 2425 2068 ἔραμαι,

1302 2180 1309 2183 Α
1361 2100 1496 2166 κεῖν’
1557 2102 1817 2179 ἐπιθυμῶ
1864 2100 2122 2178 δώματα
2165 2100 2354 2166 ναίειν.

786 2339 895 2407 Vs.
949 2333 1111 2406 757.
1655 2339 1856 2421 ποίρες,
1907 2335 1949 2403 ὦ
1996 2339 2207 2421 σκιεροί.

877 2454 981 2520 Fr.
1032 2457 1181 2518 310.
1233 2452 1440 2518 Schol.
1487 2453 1650 2535 παρὰ
1695 2453 1776 2518 τοὶ
1820 2454 1886 2518 ἐκ
1932 2454 2388 2535 Βελλεροφόντου
2432 2453 2627 2535 παίζει
2674 2459 2895 2519 ταῦτα·

1321 2590 1524 2671 πάρες,
1572 2586 1614 2654 ὦ
1663 2591 1859 2672 σκιερὰ
1902 2591 2168 2673 φυλλὰς,
2214 2592 2444 2673 ὑπερβῶ

1322 2712 1571 2787 κρηναῖα
1617 2704 1798 2778 νοίπη·
1848 2706 1946 2769 τὸν
1992 2702 2128 2786 ὑπὲρ
2175 2711 2446 2785 κεφαλῆς

1318 2817 1488 2897 αἰθέρ’
1536 2816 1754 2882 ἰδέσθαι
1802 2816 2053 2890 σπεύδω,
2101 2818 2207 2882 τίν’
2255 2815 2381 2898 ἔχει

1320 2930 1529 2995 στοίσιν
1577 2930 1824 2996 Εἰνοδία.

871 3070 973 3136 Ad
1033 3064 1198 3136 idem
1259 3068 1766 3157 Bellerophontis
1827 3091 2073 3134 carmen
2134 3071 2445 3155 pertinere
2502 3070 2751 3135 videtur
2795 3092 2922 3154 quo
2953 3069 3037 3157 ,ἴθι

784 3186 903 3250 κτὲ.
954 3185 1122 3269 quod
1173 3184 1461 3248 imitatus
1508 3190 1604 3248 est
1648 3185 1760 3248 Ar.
1809 3183 1954 3248 Pac.
2010 3185 2152 3247 154.
2208 3183 2497 3271 Suspicor
2543 3185 2732 3248 etiam
2776 3207 2864 3249 vs.
2907 3186 3036 3249 756

783 3299 991 3364 σπεῦδ’
1056 3294 1098 3363 ὦ
1159 3299 1337 3379 ψυχή
1402 3298 1503 3383 (cf.
1570 3299 1729 3363 Ach.
1793 3299 1947 3382 483)
2001 3306 2066 3362 et
2112 3298 2278 3383 quod
2326 3298 2605 3384 intellegi
2651 3298 2876 3383 nequit
2923 3304 3035 3363 ποῦ

785 3438 884 3492 μοι
927 3415 1138 3494 ψυχής
1187 3412 1415 3478 mutila
1459 3436 1592 3478 esse
1640 3413 1991 3498 fragmenta
2036 3412 2301 3478 alicuius
2344 3413 2563 3498 tragici
2613 3433 2844 3476 versus.

734 3626 894 3717 *·Vs.
946 3641 1108 3716 762.
2009 3653 2178 3713 τοῦτο
2222 3649 2285 3713 δὲ

1211 3760 1426 3836 ”Αιδης
1473 3762 1743 3843 διακρινεῖ
1789 3762 2048 3843 πρότερον
2093 3761 2127 3836 ἢ
2172 3762 2282 3840 ’γὼ
2331 3763 2628 3840 πείσομαι.
2702 3754 2706 3758 ’

872 3901 1079 3967 Schol.
1145 3903 1203 3966 ἐν
1274 3901 1566 3982 Κρήσσαις
1628 3901 1949 3981 Εὐριπίδου
2009 3901 2036 3965 ὁ
2091 3903 2331 3982 Ἀτρεὺς
2376 3903 2513 3982 πρὸς
2557 3901 2666 3974 τὴν
2713 3902 3031 3983 Ἀερόπηνε

783 4023 961 4098 κρινεῖ
1021 4019 1235 4080 ταῦτα.
1310 4014 1746 4101 Supplendum
1816 4037 1946 4079 esse
2015 4012 2227 4089 Ἀιδης
2297 4015 2650 4081 docuerunt
2717 4014 2899 4102 Toup
2969 4024 3036 4081 et

786 4126 1015 4194 Nauck
1087 4128 1162 4194 fr.
1225 4130 1377 4192 468.
1448 4127 1695 4194 Cressas
1758 4137 1824 4193 et
1870 4128 2197 4214 Thyestem
2250 4130 2416 4195 idem
2462 4152 2593 4195 esse
2637 4129 2850 4195 drama
2894 4138 3036 4216 post

783 4241 1002 4308 Valck.
1070 4243 1316 4307 censuit
1375 4241 1691 4323 Welcker,
1745 4242 1855 4308 Gr.
1904 4242 2085 4329 Trag.
2135 4242 2206 4308 II
2252 4267 2311 4330 p.
2364 4246 2489 4309 676
2537 4266 2670 4329 sqq.
2718 4245 2823 4309 cui
2869 4244 3035 4309 vide-

779 4363 886 4421 tur
945 4356 1112 4422 idem
1174 4362 1617 4442 argumentum
1680 4334 1979 4423 tractasse
2040 4357 2373 4444 Euripides
2432 4380 2504 4422 ac
2569 4356 2905 4445 Sophocles
2966 4359 3032 4424 in

782 4471 977 4534 Atreo
1019 4468 1104 4534 ib.
1153 4468 1189 4533 I
1233 4491 1296 4555 p.
1348 4470 1497 4533 367.
1547 4467 1626 4534 In
1675 4492 1802 4553 quo
1852 4469 2131 4535 dramate
2182 4473 2412 4535 Atreus
2449 4493 2704 4536 uxorem
2747 4473 3033 4558 Aeropen

782 4591 978 4648 morte
1026 4582 1342 4662 multavit,
1388 4582 1463 4648 fr.
1515 4582 1702 4669 Soph.
1755 4586 1902 4647 144.
