3875 5634
1487 721 1571 765 nr.
1615 719 1970 765 ‘raoameus
2016 718 2355 764 marmus.
2542 785 2551 791 ἡ
2872 701 2997 765 207

800 897 866 954 et
932 888 1313 953 Hermionae
1384 888 1549 952 vitae
1610 886 1969 966 insidiatur,
2033 908 2161 951 non
2218 892 2401 950 antea
2463 887 2570 951 sed
2631 893 2771 951 tum
2835 908 3049 952 revera

799 989 1136 1055 insaniens.

891 1088 1129 1154 Verum
1176 1089 1420 1173 gravior
1466 1090 1667 1153 oritur
1713 1086 2028 1152 dubitatio
2074 1086 2320 1171 singula
2367 1087 2793 1173 perpendenti.
2837 1086 3052 1171 Negat

803 1189 1134 1255 Menelaus
1155 1213 1221 1253 se
1245 1190 1311 1253 in
1336 1189 1543 1253 animo
1567 1188 1795 1254 habere
1819 1187 2130 1253 Helenam
2154 1190 2362 1252 statim
2388 1189 2752 1268 interficere,
2773 1211 2860 1254 vs.
2882 1190 3010 1255 876
3037 1214 3052 1253 t

1156 1290 1286 1367 ἐμοὶ
1333 1289 1387 1354 δ’
1443 1287 1602 1365 ἔδοξε
1645 1291 1745 1355 τὸν
1791 1290 1901 1368 μὲν
1948 1290 2007 1353 ἐν
2054 1290 2235 1373 Τροίᾳ
2281 1288 2449 1370 μόρον

1161 1390 1406 1464 Ἑλένης
1451 1391 1642 1464 zinza,
1694 1390 1956 1472 ναυπόρῳ
1994 1389 2050 1455 δ’
2105 1390 2279 1468 ἄγειν
2318 1390 2522 1472 πλάτῃ

1163 1492 1470 1566 Ἑλληνίδ’
1517 1493 1579 1564 ἐς
1623 1499 1761 1570 γῆν,
1806 1487 1945 1573 κᾷτ’
1989 1482 2112 1556 ἐκεῖ
2143 1492 2340 1558 δοῦναι
2384 1500 2628 1558 κτανεῖν.

897 1592 1005 1657 Vs.
1056 1594 1182 1657 905
1231 1599 1445 1658 contra
1497 1592 1867 1678 profitetur:

1158 1695 1260 1760 οὐκ
1304 1695 1365 1767 ἐς
1410 1694 1620 1771 λόγους
1657 1693 1889 1768 ἐλήλυθ’
1936 1692 2107 1758 ἄλλα
2154 1717 2222 1758 σε
2266 1698 2492 1759 κτενῶν.

808 1798 848 1860 i.
911 1818 964 1860 e.
1014 1796 1222 1860 statim
1270 1803 1328 1858 te
1375 1803 1715 1875 necaturus,
1766 1802 1841 1859 ut
1887 1817 1920 1858 e
1969 1793 2171 1859 verbis
2216 1793 2530 1874 Hecubae,
2580 1818 2666 1860 vs.
2719 1798 2846 1860 906
2893 1817 3050 1880 sqq„

807 1904 871 1960 et
931 1896 1131 1983 ipsius
1176 1894 1469 1975 Menelai,
1515 1918 1605 1960 vs.
1658 1897 1851 1973 1039,
1899 1894 2112 1960 lucide
2157 1902 2432 1981 apparet.
2482 1898 2569 1961 At
2613 1896 2781 1961 dicat
2827 1896 3054 1981 aliquis

806 1998 959 2062 haec
1003 1997 1182 2061 facile
1226 1996 1527 2082 explicari
1573 2019 1750 2082 posse
1788 1996 1840 2060 si
1879 1997 2218 2061 statuimus
2244 1996 2618 2078 Menelaum,
2646 2005 2717 2061 ut
2747 1997 3052 2064 Helenam

806 2106 1087 2176 terreret,
1142 2098 1464 2161 saevitiam
1511 2098 1856 2164 simulasse.
1905 2098 2030 2164 Cui
2076 2097 2414 2183 respondeo
2460 2121 2557 2162 me
2604 2098 2757 2164 mihi
2806 2121 3054 2185 persua·

810 2199 955 2264 dere
1025 2220 1150 2262 non
1217 2221 1396 2285 posse
1464 2205 1597 2262 tam
1658 2197 1962 2263 stolidum
2024 2198 2213 2263 fuisse
2273 2198 2640 2283 Euripidem
2691 2207 2783 2277 ut,
2832 2200 2885 2265 si
2928 2198 3054 2265 tale

810 2298 965 2384 quid
1033 2298 1150 2363 sibi
1216 2298 1663 2385 proposuisset,
1737 2299 1860 2363 iam
1922 2298 2000 2363 ab
2063 2299 2265 2379 initio,
2327 2323 2412 2363 vs.
2484 2302 2630 2378 876,
2680 2305 3057 2387 spectatores

810 2401 1100 2466 certiores
1158 2399 1406 2464 fecisset
1469 2398 1828 2463 Menelaum
1890 2421 2018 2464 non
2065 2401 2223 2465 serio
2269 2398 2631 2464 locuturum
2678 2422 2810 2465 esse
2856 2407 2924 2464 et
2967 2407 3059 2465 to·

812 2510 953 2567 tum
1022 2499 1302 2567 Helenae
1359 2507 1423 2564 et
1483 2498 1758 2564 Menelai
1820 2500 2202 2583 colloquium
2255 2499 2418 2565 nihil
2476 2523 2606 2565 esse
2650 2500 2769 2565 nisi
2817 2499 3050 2566 lusum.

812 2605 950 2667 Hac
994 2600 1220 2686 agendi
1264 2600 1506 2666 ratione
1550 2601 1752 2665 totius
1792 2623 2011 2665 scenae
2050 2623 2307 2666 nervum
2349 2602 2526 2686 quasi
2558 2601 2849 2666 intercidi
2874 2624 3057 2666 nemo

812 2726 937 2768 non
1009 2702 1197 2767 videt.
1270 2701 1600 2767 Praeterea
1662 2701 1847 2767 nihili
1904 2724 2034 2766 esse
2096 2724 2234 2766 cum
2298 2702 2698 2789 philosophae
2762 2702 3059 2769 Hecubae

815 2803 1307 2890 disputationem
1377 2810 1518 2867 tum
1579 2803 1881 2867 formosae
1944 2801 2224 2867 Helenae
2285 2825 2515 2890 preces,
2578 2805 2630 2869 si
2674 2803 2836 2868 nihil
2882 2802 3061 2869 aliud

815 2911 1278 2989 consequantur
1322 2925 1512 2987 quam
1551 2902 1723 2987 quod
1759 2904 1879 2968 iam
1921 2903 2165 2969 dudum
2189 2912 2322 2969 toto
2346 2913 2567 2970 notum
2592 2912 2753 2970 esset
2775 2905 3061 2971 theatro:

1141 3006 1419 3071 ‘lb-Ocima
1465 3005 1518 3069 δ’
1567 3001 1793 3086 Ἀργος
1841 3003 2029 3086 ὥσπερ
2075 3003 2217 3081 ἄξια
2261 3011 2454 3079 κακῶς

1166 3106 1322 3176 κακὴ
1370 3108 1652 3171 θανεῖται.
1701 3128 1790 3170 νε.
1844 3109 2036 3170 1055.

903 3206 999 3272 De
1065 3208 1182 3272 isto
1257 3206 1545 3271 Menelao
1606 3230 1688 3272 ne
1751 3207 2058 3272 exclamet
2117 3205 2406 3273 Hecuba:
2469 3209 2569 3273 οὐκ
2628 3207 2751 3274 ἔστ’
2812 3209 3063 3291 ἐραστὴς

816 3308 973 3382 ὅστις
1034 3310 1139 3374 οὐκ
1197 3307 1292 3373 ἀεὶ
1356 3313 1542 3389 Φιλεῑ.
1609 3309 1710 3373 An
1772 3308 1947 3373 illam
2011 3331 2151 3394 spes
2197 3307 2540 3374 fefellerat?
2586 3308 2758 3391 Quid
2804 3310 3061 3376 tandem

814 3408 1204 3497 speraverat?
1252 3408 1614 3474 Menelaum
1665 3431 1924 3476 uxorem
1985 3410 2196 3474 statim
2244 3409 2716 3475 interfecturum
2760 3409 2936 3476 esse?
2974 3413 3065 3475 At

814 3510 1139 3576 audiverat
1206 3531 1352 3574 eum
1415 3509 1534 3574 hoc
1596 3533 1660 3574 se
1721 3510 2049 3575 intendere
2108 3518 2459 3595 negantem,
2524 3534 2610 3576 νε.
2658 3516 2806 3577 876.
2855 3512 3062 3598 Rogat

816 3635 960 3677 eum
1032 3619 1107 3675 ut
1163 3610 1343 3675 uxori
1402 3610 1653 3676 dicendi
1718 3612 1959 3696 copiam
2006 3610 2196 3675 faciat
2242 3619 2577 3695 antequam
2622 3613 2920 3693 trucidet,
2971 3636 3059 3677 vs.

820 3715 967 3777 906.
1039 3715 1127 3776 At
1195 3711 1431 3777 sciebat
1493 3734 1639 3777 eum
1700 3711 2044 3777 dilaturum
2109 3735 2238 3776 esse
2301 3713 2678 3798 supplicium
2738 3712 2934 3779 donec
2997 3714 3063 3779 in

819 3811 1138 3876 Graeciam
1186 3813 1536 3878 rediissent.
1587 3811 1877 3896 Denique
1925 3812 1977 3877 si
2023 3811 2356 3898 relegimus
2401 3837 2486 3878 vs.
2539 3816 2662 3877 890
2710 3836 2843 3898 sqq.
2894 3816 3061 3881 unde

817 3918 1073 3999 apparet
1137 3911 1464 3979 Hecubam
1540 3913 1817 3978 Menelai
1881 3912 2068 3978 verba
2130 3913 2457 3987 audivisse,
2520 3914 2718 3979 oritur
2780 3917 3064 4001 quaestio

815 4035 1089 4098 quonam
1160 4013 1343 4078 modo
1413 4015 1544 4078 fieri
1607 4014 1890 4101 potuerit
1953 4020 2026 4077 ut
2088 4037 2171 4078 vs.
2240 4018 2364 4079 390
2413 4014 2476 4079 id
2522 4015 2724 4101 ipsum
2770 4016 3059 4082 laudaret

824 4113 998 4200 (αἰνῶ
1038 4136 1123 4192 σε,
1164 4114 1356 4200 Μεν.)
1387 4114 1554 4197 quod
1582 4136 1668 4178 νε.
1701 4116 1873 4177 1044
1897 4135 2030 4198 sqq.
2057 4114 2452 4200 improbavit.
2482 4114 2706 4199 Neque
2732 4118 2938 4182 minus
2963 4125 3060 4182 est

822 4213 1176 4278 mirandum
1224 4212 1584 4277 Menelaum
1630 4236 1748 4277 νεε.
1800 4216 1972 4278 1036
2022 4237 2180 4299 sqq„
2226 4212 2455 4299 quibus
2494 4215 2679 4281 choro
2715 4218 3066 4305 respondet,

822 4313 1006 4401 plane
1055 4312 1326 4378 oblitum
1373 4336 1502 4378 esse
1552 4313 1723 4399 quod
1770 4338 1857 4380 νε.
1909 4316 2038 4379 876
2086 4337 2216 4401 sqq.
2267 4318 2334 4381 in
2378 4318 2585 4382 animo
2630 4317 2967 4385 habuisset.

910 4413 1013 4480 Ne
1073 4414 1307 4479 multa:
1372 4413 1609 4480 Versus
1670 4418 2067 4482 890—1059
2127 4439 2269 4482 cum
2327 4417 2842 4504 praecedentibus
2886 4421 3066 4488 nullo

820 4522 1005 4603 pacto
1050 4514 1370 4581 conciliari
1415 4522 1705 4602 possunt.
