3875 5634
947 783 1075 845 114
1663 794 2378 841 mesuornonuznsnn.

903 965 1084 1048 Quae
1143 989 1282 1030 vera
1341 965 1633 1030 videntur
1690 962 1800 1028 sed
1841 963 2092 1047 Engero
2137 963 2606 1028 concedendum
2651 969 2744 1027 est
2789 961 3135 1048 „Aeschyli

907 1130 949 1160 ,‚
970 1078 1155 1144 verba
1212 1080 1346 1166 ipsa
1393 1102 1467 1144 ex
1511 1079 1623 1144 hac
1669 1077 2106 1164 Aristophanis
2153 1078 2410 1164 parodia
2456 1100 2675 1143 eruere
2719 1075 2915 1141 velle''
2962 1076 3150 1162 (quod

910 1204 1170 1261 conatus
1238 1200 1371 1259 erat
1430 1193 1556 1279 Fr.)
1617 1193 2078 1273 „temerarium
2137 1201 2252 1258 est.
2318 1190 2526 1273 Quam
2595 1192 2787 1259 libere
2834 1193 3000 1258 enim
3047 1193 3156 1257 Ar.

855 1305 859 1309 ’
906 1310 1080 1391 „hac
1141 1310 1207 1374 in
1262 1332 1327 1374 re
1373 1308 1569 1373 soleat
1612 1308 1860 1386 versari,
1907 1329 1984 1372 ex
2027 1306 2299 1372 aliarum
2342 1306 2701 1373 fabularum
2752 1306 3023 1393 parodiis
3069 1306 3160 1372 in-

908 1424 1166 1511 „telligi
1208 1422 1474 1512 potest.”

1001 1537 1378 1603 Eorumdem
1437 1536 1728 1623 Aeschyli
1784 1535 2110 1602 verborum
2159 1538 2519 1604 meminisse
2566 1538 2817 1603 videtur
2862 1538 2971 1602 Ar.
3019 1559 3159 1603 cum

909 1651 1069 1718 Rau.
1116 1656 1198 1720 47
1247 1650 1582 1718 Herculem
1625 1652 1775 1718 fecit
1819 1660 2181 1738 rogantem:

1312 1767 1401 1841 τίς
1446 1766 1473 1831 ὅ
1520 1772 1681 1843 νοῦς;
1728 1767 1790 1832 τί
1829 1766 2079 1850 κόθορνος
2123 1766 2224 1833 xxi
2271 1768 2523 1849 ῥόπαλον
2570 1765 2951 1845 ξυνηλθέτηνς

1000 1880 1350 1966 Agathonis
1411 1880 1600 1945 vitam
1662 1880 2078 1946 effeminatam
2141 1884 2203 1947 in
2269 1880 2584 1969 Gerytade
2632 1904 2879 1968 quoque
2928 1883 3157 1968 carpsit

914 1995 1385 2081 Aristophanes,
1434 1996 1510 2061 cf.
1557 1996 1630 2060 fr.
1682 1999 1830 2061 229.

916 2217 1025 2284 Vs.
1082 2211 1239 2282 146.
1311 2214 1354 2283 ὦ
1398 2218 1643 2301 πρέσβυ,
1691 2219 1938 2300 πρέσβυ,
1989 2225 2091 2285 τοῦ
2140 2220 2354 2302 Φθόνου
2403 2221 2515 2299 μὲν
2562 2221 2660 2286 τὸν
2704 2220 2889 2301 ψόγον

1316 2332 1554 2408 ἥκουσα,
1602 2332 1709 2407 την
1753 2335 1806 2399 δ’
1853 2332 2113 2413 ἄλγησιν
2160 2335 2223 2399 οὐ
2270 2334 2684 2416 παρεσχόμην.

1009 2445 1169 2511 Cum
1226 2445 1493 2533 Bergkio
1556 2447 1931 2529 παρῃσθόμην
1971 2446 2326 2534 ‚legendum
2389 2455 2502 2513 est.
2544 2446 2749 2513 Verba
2800 2449 3161 2533 Agathonis,

917 2567 994 2624 ut
1053 2583 1166 2647 par
1218 2568 1331 2641 est,
1391 2561 1759 2647 plerumque
1818 2561 2087 2626 colorem
2146 2562 2461 2647 tragicum
2509 2560 2744 2627 habent
2787 2561 2895 2626 sed
2942 2563 3030 2626 ita
3076 2568 3149 2626 ut

916 2674 1102 2740 metri
1165 2675 1388 2761 tragici
1441 2675 1609 2761 leges
1668 2698 2124 2761 nonnunquam
2188 2699 2311 2742 non
2372 2675 2779 2742 observentur
2838 2698 2893 2740 v,
2959 2699 3009 2740 c.
3074 2698 3159 2740 vs.

917 2789 1068 2851 162.
1129 2786 1396 2854 Versum
1434 2788 1631 2874 igitur
1681 2791 1807 2857 173
1854 2811 2263 2855 numerorum
2311 2812 2496 2856 causa
2542 2798 2785 2855 mutare
2835 2812 2962 2855 non
3010 2811 3163 2876 opus

919 2910 1036 2981 est,
1082 2902 1160 2968 cf.
1209 2901 1364 2967 Ran.
1416 2905 1563 2968 652.
1614 2904 1774 2970 Cum
1822 2927 1909 2969 vs.
1962 2906 2128 2968 155:

923 3047 930 3056 ·
1712 3015 1756 3084 ἃ.
1803 3019 1857 3084 δ’
1905 3020 1969 3084 οὐ
2014 3018 2355 3098 κεκτήμεθα

1321 3132 1572 3211 μίμησις
1615 3130 1723 3207 ἤδη
1771 3137 1973 3198 ταῦτα
2016 3132 2416 3213 συνθηρεύεται

796 3294 801 3298 .
922 3245 1185 3309 conferri
1244 3252 1452 3332 potest
1513 3230 1597 3311 ὑπ’
1635 3245 1788 3311 Eur.
1850 3246 2034 3311 Aeoli
2098 3249 2202 3327 21,
2248 3245 2291 3312 ἃ
2338 3248 2392 3312 δ’
2441 3246 2491 3311 οἱ
2532 3252 2917 3320 πλουτοῦντες
2962 3248 3023 3313 οὐ
3067 3271 3161 3312 κε-

919 3357 1189 3437 κτήμεθα
1228 3356 1238 3444 Ι
1277 3366 1457 3424 τοῖσιν
1496 3358 1699 3434 πένησι
1745 3359 2033 3441 χρώμενοι
2077 3361 2396 3441 θηρώμεθοι,
2447 3361 2615 3446 quod
2647 3367 2857 3426 tamen
2896 3360 3170 3426 reeorda-

918 3477 1056 3535 tum
1126 3494 1255 3536 esse
1318 3472 1797 3559 Aristophanem
1863 3494 2006 3537 cum
2064 3473 2216 3539 haec
2275 3472 2573 3540 scriberet
2629 3474 2729 3539 vix
2778 3474 2980 3553 crede,
3026 3496 3167 3539 cum

919 3585 1215 3663 θηρώμεθοι
1260 3609 1294 3650 e
1338 3587 1694 3651 coniectura
1740 3587 2017 3674 positum
2062 3587 2146 3651 sit
2192 3593 2258 3651 et
2300 3609 2516 3652 versus
2564 3588 2915 3673 Agathonis
2959 3588 3166 3674 potius

918 3696 1266 3763 afferendus
1308 3706 1487 3764 esset.

912 3920 1020 3988 Vs.
1074 3915 1238 3987 177.
1308 3921 1580 4000 Ἀγάθων
1628 3927 1815 4002 σοφοῦ
1863 3922 2001 4002 πρὸς
2045 3923 2249 4005 ἀνδρὸς
2294 3921 2453 3996 ὅστις
2498 3925 2558 3988 ε’ν
2604 3924 2831 4005 βραχεῖ

1320 4035 1570 4107 πολλοὺς
1614 4039 1810 4108 καλῶς
1856 4029 1964 4108 οἷός
2011 4059 2078 4100 τε
2123 4036 2462 4114 συντέμνειν
2512 4037 2741 4116 λόγους.

1001 4147 1191 4214 Tacet
1235 4148 1564 4214 scholiasta
1613 4149 1720 4213 sed
1767 4149 2036 4214 servavit
2082 4148 2292 4213 locum
2332 4150 2657 4237 Euripidis
2701 4148 3003 4216 Stobaeus
3051 4154 3154 4233 35,

914 4263 974 4343 3,
1021 4262 1096 4327 fr.
1145 4263 1329 4328 Aeoli
1384 4266 1487 4344 23,
1536 4263 1767 4336 παῖδες,
1808 4267 1995 4343 σοφοῦ
2035 4265 2171 4343 πρὸς
2207 4264 2408 4344 ἀνδρὸς
2432 4263 2589 4336 ὅστις
2611 4266 2671 4329 ἐν
2695 4264 2927 4345 βραχεῖ
2960 4261 2971 4353 Ι
3012 4279 3157 4329 πολ-

915 4374 1053 4448 λοὺς
1098 4376 1304 4454 λόγους
1351 4371 1458 4445 οἷός
1503 4401 1570 4441 τε
1615 4377 1949 4455 συντέμνειν
1996 4380 2216 4450 καλῶς.
2269 4375 2429 4442 Cum
2466 4400 2555 4442 vs.
2586 4380 2710 4444 179
2734 4403 2749 4441 :
2773 4378 2889 4455 ἐγὼ
2912 4377 2976 4442 δὲ
2996 4385 3162 4457 καινῇ

911 4491 1192 4569 συμφορᾷ
1225 4489 1644 4567 πεπληγμένος
1684 4481 1998 4554 ἰωῐΓοΙίῑῑι
2038 4496 2556 4575 comparaverunt
2580 4490 2698 4553 viri
2720 4488 2888 4553 docti
2913 4489 3148 4554 Alcest.

915 4601 1078 4663 856:
1117 4650 1160 4681 „
1179 4602 1384 4683 κκίπερ
1418 4602 1628 4687 βκρείςι
1651 4609 1932 4685 συμφορᾷ
1960 4602 2445 4683 πεπληγμένος-ξ’
2471 4603 2546 4667 cf.
2571 4602 2655 4667 ib.
2682 4626 2768 4667 vs.
2797 4606 2947 4668 405.
2964 4603 3164 4669 Recte
