3875 5634
1508 1689 2329 1779 EPIMETRUM
2380 1691 2451 1774 I.

1293 2195 1701 2281 Argumenta
1745 2192 2249 2279 tragoediarum
2301 2191 2364 2262 in
2417 2193 2689 2281 Hygino.

1792 2306 1939 2390 (vid.
1989 2328 2051 2391 p.
2103 2308 2185 2388 8).

961 2530 1353 2596 Novissimus
1421 2528 1774 2594 fabularum
1848 2527 2084 2614 Hygini
2158 2528 2380 2605 editor,
2450 2527 2542 2592 M.
2605 2526 2907 2609 Schmidt,
2973 2530 3123 2595 haec

869 2631 1085 2696 scribit
1148 2654 1207 2718 p.
1274 2630 1426 2695 XL:
1489 2630 1826 2709 „extitisse
1881 2651 2034 2694 aevo
2084 2627 2371 2693 Dosithei
2417 2629 2804 2714 temporibus
2848 2653 2975 2695 non
3022 2632 3125 2696 ad-

871 2731 1184 2811 „modum
1243 2733 1596 2816 antiquiore
1641 2732 1846 2795 virum
1894 2730 2151 2794 doctum
2199 2730 2495 2814 aliquem,
2544 2730 2655 2814 qui
2702 2729 2939 2814 Hygini
2988 2754 3125 2797 nar-

873 2833 1233 2911 „rationem
1299 2832 1774 2918 locupletiorem
1823 2852 2086 2913 eamque
2133 2831 2557 2895 continentem
2611 2838 2675 2894 ct
2723 2832 3125 2897 indiscretam

874 2956 1054 3011 „non
1108 2934 1308 2999 solum
1358 2934 1423 2996 in
1471 2931 1719 2996 brevius
1764 2938 2033 3015 cogeret,
2083 2930 2189 2994 sed
2238 2931 2429 2994 etiam
2476 2953 2586 3016 per
2633 2932 2912 2997 membra
2959 2956 3128 3020 sepa-

876 3043 1131 3112 „ratam
1178 3035 1399 3098 misere
1444 3033 1818 3099 concideret.
1865 3054 1993 3116 quo
2032 3033 2098 3096 in
2138 3033 2392 3115 negotio
2429 3053 2570 3096 cum
2614 3033 2836 3097 sedulo
2860 3043 3127 3113 caveret,

877 3158 1017 3214 „ne
1066 3134 1456 3219 singulorum
1505 3131 1921 3197 membrorum
1973 3154 2261 3196 mensura
2307 3138 2820 3215 argumentorum
2871 3135 3131 3219 tragico-

877 3258 1078 3315 „rum
1124 3236 1307 3299 finem
1355 3234 1738 3318 modumque
1786 3232 2104 3310 transiret,
2153 3240 2342 3315 atque
2378 3233 2533 3297 adeo
2573 3234 2853 3317 singulas
2892 3234 3136 3300 fabulas

880 3336 1296 3415 „nominibus
1365 3360 1397 3400 e
1459 3334 1781 3419 tragoedia
1841 3334 2058 3418 petitis
2115 3332 2498 3406 inscriberet,
2556 3336 2748 3398 evenit
2802 3344 2872 3399 ut
2918 3338 3137 3401 erroris

880 3442 1242 3517 „admodum
1303 3437 1548 3500 ridiculi-
1602 3458 1820 3517 parens
1868 3437 2071 3519 fieret.
2133 3457 2330 3516 nempe
2358 3438 2653 3517 fuerunt,
2704 3459 2888 3519 neque
2933 3438 3136 3501 eliam·

882 3562 1100 3618 „nunc
1147 3543 1376 3616 desunt,
1424 3538 1528 3621 qui
1573 3537 1805 3620 quim'
1850 3536 2117 3617 opusculi
2158 3544 2388 3616 partem
2431 3537 2600 3599 haud
2634 3538 2901 3618 e.1·iquam
2947 3560 2977 3601 e
3014 3546 3140 3603 tra-

883 3642 1203 3724 „ffl'carum
1263 3640 1612 3717 fabularum
1672 3638 2034 3718 aryumentis
2101 3658 2221 3699 esse
2286 3637 2603 3719 conflatam.
2666 3639 2915 3701 ariolati
2977 3647 3141 3717 sunt,

886 3740 1218 3826 „opinioni
1289 3762 1436 3804 suae
1511 3739 1715 3824 ipsum
1778 3737 1983 3800 favere
2045 3736 2366 3820 Hyginum
2433 3736 2740 3816 arbitrati,
2808 3762 2859 3802 c.
2924 3738 3030 3803 ΙΙΙ
3079 3747 3144 3804 et

887 3841 1112 3921 „VIII
1159 3841 1237 3905 ad
1287 3840 1548 3904 Inonem
1598 3838 2061 3923 Antiopamquc
2102 3836 2472 3922 Euripideas
2512 3848 2975 3923 provocantem.
3019 3861 3144 3923 qua

888 3943 1021 4022 „in
1085 3964 1149 4005 rc
1211 3940 1436 4005 accidit
1497 3940 1595 4018 iis,
1645 3946 1721 4003 ut
1766 3946 1959 4001 testes
2009 3936 2377 4001 adhiberent
2424 3938 2501 4002 ad
2553 3938 2670 4002 hoc
2717 3940 2920 4025 ipsum
2976 3940 3145 4024 quod

891 4094 931 4123 „
953 4042 1211 4129 probare
1258 4042 1510 4118 vellent,
1561 4039 1972 4104 refellendum
2016 4038 2703 4117 accommodatissimos,
2731 4063 2871 4104 cum
2902 4064 3025 4105 non
3055 4041 3148 4105 in-

893 4145 1360 4222 „tellexissent,
1425 4151 1767 4224 utrumque
1831 4148 2041 4224 caput,
2108 4139 2204 4203 vel
2252 4148 2506 4226 propter
2554 4141 2683 4204 stili
2734 4141 3147 4207 differentiam

896 4246 1206 4330 „Hygino
1263 4242 1609 4308 abiudicari
1673 4241 2234 4326 interpolatorique
2297 4240 2560 4305 attribui
2610 4241 2854 4320 debere,
2905 4251 2971 4307 at
3019 4266 3145 4309 non

891 4354 1130 4426 „vacat
1175 4345 1293 4409 hoc
1340 4344 1593 4429 longius
1641 4341 1995 4428 prosequi.”
2063 4341 2127 4404 Si
2172 4350 2384 4405 autem
2431 4364 2573 4406 cum
2621 4342 2788 4407 hisce
2835 4346 3147 4430 componi-

893 4470 1032 4512 mus
1093 4469 1253 4532 quae
1308 4447 1374 4511 in
1431 4445 1704 4510 editione
1767 4466 1881 4508 sua
1926 4442 2268 4524 annotavit,
2317 4450 2573 4529 apparet
2619 4444 2968 4510 Schmidtio
3015 4468 3156 4533 per·
