3875 5634
959 617 1085 679 116
1194 630 1201 635 ·
1676 635 2406 682 rmuoruoamzusse.

918 801 1075 866 teles
1124 802 1335 884 tradit,
1383 826 1456 868 eo
1501 806 1870 889 processerit
1911 805 2372 870 nonnullorum
2419 806 2511 870 ira
2561 814 2634 869 ut
2677 812 2923 891 poetam
2970 805 3039 871 in
3077 806 3178 871 ius

923 923 1210 979 vocarent
1253 923 1318 981 et
1358 918 1642 997 ἆσεβείας
1687 927 2074 985 accusarent.
2657 900 2668 909 ’

1007 1027 1193 1109 Quod
1240 1038 1451 1096 autem
1498 1033 1951 1120 Aristophanes
2005 1040 2070 1097 et
2115 1032 2268 1098 alibi
2315 1040 2380 1098 et
2419 1033 2522 1097 hic
2558 1030 2890 1120 Hippolyti
2931 1056 3178 1099 versum

919 1143 983 1207 in
1044 1147 1406 1214 memoriam
1465 1155 1731 1227 revocat,
1791 1169 1919 1232 quo
1984 1147 2107 1211 iras
2151 1147 2332 1232 vulgi
2378 1147 2442 1211 in
2488 1145 2854 1234 Euripidem
2900 1148 3180 1213 renovari

918 1280 1095 1344 posse
1153 1281 1279 1326 non
1343 1259 1690 1346 ignorabat,
1740 1262 1798 1326 ei
1846 1262 2110 1327 minime
2155 1261 2368 1326 decori
2414 1267 2510 1325 est
2554 1258 2908 1327 habendum
2954 1270 3020 1327 et
3064 1263 3166 1328 do·

916 1379 1205 1437 cumento
1253 1382 1348 1438 est
1392 1373 1556 1439 nihil
1603 1397 1749 1440 eum
1801 1374 2100 1441 illicitum
2149 1373 2441 1440 habuisse
2486 1374 2740 1439 inimico
2781 1396 2906 1459 quo
2944 1374 3179 1441 obtrec-

918 1492 1052 1550 tare
1097 1496 1324 1573 posset.
1374 1487 1524 1553 Non
1571 1489 1739 1553 enim
1785 1488 2047 1574 ignarus
2091 1497 2227 1554 erat
2272 1490 2547 1555 comicus
2591 1488 2831 1574 aliquid
2877 1491 3177 1556 interesse

919 1600 1082 1664 inter
1150 1600 1454 1687 placitum
1516 1602 2023 1689 philosophicum
2085 1610 2149 1667 et
2209 1603 2445 1683 drama,
2507 1623 2712 1687 neque
2758 1625 2896 1668 eum
2945 1604 3178 1690 fugisse

921 1715 1128 1799 potuit
1194 1714 1398 1802 ipsum
1466 1717 1889 1804 Hippolytum
1952 1741 2054 1782 vs.
2106 1720 2234 1782 612
2296 1739 2423 1782 non
2483 1715 2654 1801 quod
2698 1740 2907 1782 revera
2950 1719 3179 1784 sentiat

918 1827 1193 1913 profiteri
1253 1829 1359 1894 sed
1421 1823 1510 1894 ita
1566 1829 1743 1915 loqui
1790 1838 1867 1895 ut
1912 1832 2220 1897 nutricem
2271 1830 2757 1918 perterrefaciat.
2806 1831 2953 1894 Alia
2998 1838 3177 1897 erant

914 1940 975 2004 in
1041 1939 1318 2007 dramate
1378 1943 1724 2030 Hippolyto
1786 1944 2322 2031 reprehendenda,
2382 1945 2459 2009 cf.
2512 1942 2695 2009 Ribb.
2745 1944 2786 2010 l.
2837 1944 2902 2026 1.,
2950 1945 3056 2010 sed
3102 1967 3174 2009 ea

922 2075 1048 2119 non
1093 2056 1326 2142 tetigit.

918 2290 1026 2355 VS·
1075 2284 1217 2355 403
1265 2314 1397 2378 sqq.
1446 2293 1587 2375 ἁνὴρ
1631 2296 1815 2377 ἐρωτᾷ
1860 2298 2000 2377 »τῷ
2048 2295 2346 2374 κατέαγεν
2392 2298 2426 2369 ἡ
2474 2294 2707 2377 χύτρας

1450 2409 1551 2475 οὐκ
1594 2407 1710 2475 ἔσθ’
1761 2408 1916 2483 ὅπως
1964 2411 2028 2475 οὗ
2074 2411 2156 2491 τῷ
2206 2410 2462 2492 Κορινθίῳ
2506 2407 2709 2492 &bug-2?

1007 2519 1212 2584 Schol.
1259 2522 1326 2585 ἐκ
1370 2522 1719 2601 Σθενεβοίας
1765 2524 2105 2605 Εὐριπίδου.
2158 2522 2256 2587 Ex
2306 2523 2654 2605 Athenaeo,
2701 2523 2775 2588 fr.
2824 2522 2976 2588 Eur.
3019 2524 3166 2602 667,

916 2640 1171 2718 apparet
1214 2632 1584 2721 Euripidem
1629 2636 1983 2722 scripsisse:
2454 2632 2458 2637 ⁹

1448 2749 1624 2813 πεσὸν
1670 2747 1735 2814 δέ
1780 2773 1861 2814 νιν
1906 2749 2147 2824 λέληθεν
2194 2745 2354 2815 οὐδὲν
2398 2751 2464 2814 ἐκ
2508 2749 2699 2831 χερὸς,

1449 2861 1591 2927 ἀλλ’
1648 2864 1813 2936 εὐθὺς
1859 2865 2019 2947 αὐδᾷ
2066 2865 2207 2944 »τῷ
2255 2864 2508 2946 Κορινθίῳ
2553 2860 2751 2945 ξένῳ”.

1000 2973 1057 3036 Α
1124 2997 1267 3038 vero
1309 2997 1435 3041 non
1487 2974 1699 3041 abesse
1744 2977 2001 3042 videtur
2047 2976 2365 3054 Welcker,
2415 2974 2486 3040 II
2533 2999 2597 3063 p.
2650 2977 2795 3055 780,
2845 2976 3156 3043 coniciens

914 3085 1064 3151 haec
1107 3087 1293 3152 verba
1336 3090 1527 3155 fuisse
1572 3091 1864 3171 nutricis,
1916 3112 2098 3176 quae,
2139 3096 2472 3177 postquam
2511 3089 2930 3177 Bellerophon
2953 3089 3169 3177 Tiryn-

913 3197 1087 3263 them
1146 3202 1517 3282 revertisset,
1577 3203 1754 3270 illius
1810 3204 1971 3268 iram
2033 3203 2250 3269 sedare
2296 3211 2579 3285 conatur,
2629 3226 2886 3269 narrans
2928 3210 3164 3290 quanto

912 3333 1117 3377 amore
1163 3336 1302 3379 eum
1346 3315 1666 3380 recordata
1703 3325 1866 3382 esset
1909 3316 2324 3407 Stheneboea,
2352 3339 2493 3381 cum
2520 3340 2661 3382 eum
2691 3323 3012 3382 mortuum
3036 3339 3167 3381 esse

907 3423 1198 3490 crederet.
1244 3427 1535 3493 Eundem
1581 3429 1909 3517 Euripidis
1957 3452 2173 3495 versus
2220 3429 2480 3495 detorsit
2526 3427 2818 3494 Cratinus
2866 3430 3021 3494 Ath.
3063 3427 3164 3493 XI

909 3559 960 3601 c.
1035 3541 1137 3620 22,
1205 3563 1267 3627 p.
1335 3543 1482 3620 782,
1542 3542 1738 3608 Mein.
1803 3543 1874 3608 H
1936 3567 1999 3630 p.
2072 3545 2235 3608 179:
2284 3542 2400 3618 ἵησι
2443 3543 2729 3622 λάταγας
2781 3545 2862 3625 τῷ
2909 3543 3163 3624 Κορινθίῳ

906 3650 1048 3734 πέει,
1095 3654 1276 3719 cuius
1318 3655 1503 3721 verba
1548 3658 1821 3745 respexit
1868 3656 2225 3743 Hesychius
2264 3659 2329 3722 in
2372 3668 2498 3740 Kop.
2541 3655 2655 3733 ξέν.
2702 3657 3032 3724 Probabile
3070 3664 3164 3722 est

901 3765 1091 3830 etiam
1139 3777 1470 3852 sequentes
1518 3794 1754 3852 versus,

1434 3883 1647 3962 κάμνει
1692 3885 1824 3966 κόρη
1873 3909 1984 3959 τις.
2032 3885 2199 3958 εὐθὺς
2245 3885 2511 3966 ἁδελφὸς
2557 3884 2715 3964 λέγει

1430 3996 1496 4061 τὸ
1539 4001 1763 4078 χρῶμα
1812 3998 1989 4064 τοῦτο’
2033 3999 2101 4076 μ’
2149 3999 2250 4063 οὐκ
2297 3998 2524 4080 ἀρέσκει
2570 4005 2681 4077 τῆς
2728 3998 2910 4079 κόρης.

898 4099 979 4165 ad
1035 4102 1293 4188 aliquod
1348 4106 1671 4195 Euripidis
1728 4111 1945 4175 drama
2009 4111 2366 4176 referendos
2415 4134 2565 4175 esse.
2614 4109 2708 4175 De
2753 4110 2950 4175 Aeolo
2997 4109 3160 4195 cogi·

898 4214 1056 4279 tavit
1101 4214 1398 4286 Fritsche.

900 4436 1009 4503 Vs.
1056 4433 1223 4508 413.
1435 4445 1709 4512 δέσποιναι
1753 4447 1871 4528 γὰρ
1917 4445 2140 4528 γέροντι
2185 4446 2425 4528 νυμφίῳ
2471 4447 2639 4525 γυνή.
