3875 5634
1815 718 2052 764 namn.
2885 701 3010 764 139

895 886 1166 952 Vexavit
1211 887 1312 951 hic
1357 887 1532 951 locus
1579 894 1817 950 veteres
1863 887 2238 971 interpretes
2274 895 2351 950 ut
2389 909 2503 951 nos
2540 887 2769 951 docent
2806 887 3057 952 scholia.

805 1001 887 1065 In
949 1001 1102 1065 Rav.
1164 999 1426 1084 aliisque
1472 999 1795 1064 codicibus
1841 1000 2225 1084 adscriptum
2279 1007 2406 1063 est:
2458 999 2675 1079 Ἰερὲως
2721 1001 2870 1071 τινὸς
2917 1001 3058 1066 ἀκο-

806 1117 1139 1186 λουθοῦντος
1187 1116 1349 1194 αὐτῷ
1396 1112 1714 1191 μέμνηται.
1765 1112 1888 1177 Sed
1935 1114 2224 1197 quisnam
2275 1114 2466 1177 fuerit
2512 1113 2624 1178 ille
2670 1113 2951 1178 sacerdos
2997 1122 3061 1178 et

807 1228 978 1293 unde
1022 1227 1263 1292 venerit
1307 1250 1431 1292 non
1476 1234 1669 1313 patet.
1717 1226 2099 1292 Scholiastae
2147 1228 2357 1313 opinio
2403 1227 2566 1292 nihil
2614 1235 2708 1292 est
2755 1228 2874 1293 nisi
2921 1250 3065 1293 con-

809 1343 1048 1407 iectura
1111 1363 1236 1425 qua
1291 1364 1449 1427 opus
1512 1364 1640 1405 esse
1703 1340 2129 1406 arbitrabatur
2187 1350 2261 1405 ut
2310 1342 2480 1406 hunc
2528 1364 2773 1406 versum
2823 1349 2889 1405 et
2936 1343 3063 1406 308

810 1456 1169 1542 explicaret.
1244 1455 1505 1540 Opinati
1568 1463 1717 1519 sunt
1776 1454 1908 1535 alii,
1972 1454 2203 1539 quibus
2250 1456 2591 1520 assentitur
2636 1455 2867 1540 Enger,
2918 1454 3065 1519 Dio—

808 1593 1034 1656 nysum
1080 1593 1292 1635 revera
1338 1570 1689 1653 confugisse
1737 1570 1814 1633 ad
1861 1570 2239 1635 sacerdotem
2291 1569 2539 1649 Bacchi,
2585 1570 2696 1654 qui
2755 1571 2819 1634 in
2869 1570 3070 1656 prima

808 1683 1063 1749 sedebat
1109 1706 1311 1748 cavea.
1364 1683 1568 1764 Quam
1619 1684 1995 1747 sententiam
2038 1685 2174 1748 iure
2214 1684 2610 1768 impugnavit
2645 1683 2847 1747 Kock.
2889 1684 3069 1765 Quae

812 1797 993 1861 addit
1039 1796 1383 1860 Scholiasta
1428 1797 1736 1877 φαίνονται
1783 1796 1845 1860 δὲ
1893 1797 1994 1860 οὐκ
2043 1791 2182 1860 εἷνκι
2231 1796 2328 1860 ἐπὶ
2379 1801 2480 1862 τοῦ
2520 1798 2764 1874 λογείου,
2804 1798 2946 1861 ἀλλ’
2973 1797 3068 1862 ἐπὶ

811 1919 919 1985 τῆς
990 1912 1337 1991 ὀρχήστραις,
1409 1913 1465 1974 ἐν
1526 1907 1560 1990 ᾖ
1624 1911 1648 1974 ὁ
1711 1917 1985 1982 Διόνυπς
2048 1910 2218 1986 ἐνέβη
2279 1909 2382 1974 xxi
2432 1911 2458 1974 ὁ
2507 1916 2694 1983 πλοῦς
2742 1911 3069 1976 ἑπετελεῑτο

814 2026 948 2089 sine
995 2024 1126 2088 ulla
1173 2047 1359 2088 causa
1406 2026 1548 2088 ficta
1597 2031 1766 2088 sunt.
1809 2022 2069 2087 Frustra
2115 2023 2268 2087 haec
2309 2024 2514 2087 omnia
2553 2031 2884 2088 tentarunt
2922 2046 3067 2088 cum

817 2163 913 2204 res
975 2139 1300 2224 perspicua
1354 2140 1454 2202 sit.
1522 2138 1699 2202 Sicut
1760 2139 1925 2202 enim
1975 2138 2323 2202 sacerdotes
2368 2139 2557 2202 deum
2605 2138 2934 2223 implorare
2981 2161 3072 2202 so-

816 2254 973 2331 lent,
1045 2275 1217 2317 nunc
1287 2251 1441 2317 deus
1498 2251 1831 2337 Dionysus,
1896 2254 2007 2336 qui
2071 2277 2134 2316 sc
2196 2254 2327 2338 ipse
2385 2254 2450 2316 in
2499 2253 2805 2317 auxilium
2855 2276 3071 2318 vocare

828 2367 1074 2451 nequit,
1135 2367 1532 2430 sacerdotem.
1598 2366 1690 2429 Cf.
1743 2366 2056 2430 Kockium
2105 2391 2160 2431 a.
2210 2366 2273 2429 h.
2324 2367 2365 2429 l.
2414 2367 2599 2430 Nihil
2650 2366 2819 2431 aliud
2870 2367 3073 2431 voluit

835 2485 943 2546 Ar.
1009 2503 1198 2565 quam
1257 2488 1462 2566 partes
1523 2492 1873 2566 permutare
1920 2503 2127 2565 neque
2174 2481 2382 2544 minus
2430 2481 2688 2543 festivus
2735 2488 2897 2545 esset
2942 2481 3077 2545 eius

821 2596 996 2660 iocus
1041 2595 1094 2657 si
1145 2594 1363 2659 nullus
1409 2594 1474 2657 in
1523 2595 1767 2657 theatro
1813 2593 2117 2659 adfuisset
2164 2594 2463 2659 sacerdos.

909 2709 1153 2773 Erroris
1220 2731 1431 2773 ansam
1501 2708 1695 2786 dedit,
1757 2709 1824 2772 ni
1886 2708 2091 2788 fallor,
2150 2708 2303 2772 falsa
2365 2709 2803 2794 interpretatio
2864 2730 3077 2773 versus

827 2825 976 2887 308.
1031 2822 1212 2886 Metu
1259 2821 1561 2886 liberatus
1610 2821 1914 2885 exclamat
1965 2821 2309 2907 Dionysus:

1314 2934 1460 3013 οἴμοι
1505 2935 1721 3007 τάλας,
1768 2938 1843 3007 ὡς
1892 2937 2138 3016 &imizo-⁹
2186 2935 2370 3008 αὐτὴν
2415 2936 2565 3010 ἰδών,

914 3051 1039 3116 Cui
1087 3051 1421 3135 respondet
1468 3049 1815 3114 Xanthias:

1316 3165 1398 3229 ὁδὶ
1446 3166 1507 3229 δὲ
1554 3165 1749 3236 δείσαις
1799 3164 2240 3245 ὑπερεπυρρίασέ
2285 3188 2407 3230 σου.

917 3278 1077 3359 Quis
1124 3286 1218 3343 est
1262 3278 1399 3347 532?
1448 3279 1929 3364 Responderunt
1977 3280 2086 3343 alii
2136 3279 2338 3344 aliter.
2390 3279 2709 3365 Plerique,
2759 3281 3077 3347 Hemster-

828 3393 991 3471 huis,
1055 3393 1353 3471 Fritsche,
1414 3392 1610 3472 Kock,
1659 3394 2096 3458 assentiuntur
2143 3394 2548 3477 grammatico
2596 3396 2706 3478 qui
2755 3397 3081 3460 annotavit

827 3530 914 3571 VS.
969 3510 1132 3571 308:
1183 3506 1209 3570 ὃ
1257 3514 1359 3571 τοῦ
1410 3507 1684 3571 Διονύσου
1729 3507 1921 3587 ἱερεύς.
1973 3509 2173 3589 πυρρὸς
2222 3508 2336 3587 γὰρ
2378 3504 2444 3582 ἦν
2482 3510 2644 3572 κατὰ
2685 3509 2882 3585 Φύσιν.
2915 3511 3082 3575 Aris-

830 3620 1082 3684 tarchus
1155 3621 1403 3706 putavit
1470 3620 1546 3683 de
1616 3645 1680 3683 se
1742 3621 1877 3707 ipso
1939 3622 2114 3705 loqui
2180 3621 2543 3701 Xanthiam,
2609 3621 2713 3687 xx}
2777 3624 2893 3702 γὰρ
2942 3624 3081 3688 διότι

832 3736 1051 3815 πυρρὸς.
1100 3732 1276 3807 οὕτως
1323 3730 1753 3812 ἐπικεκλῆσθκι,
1802 3737 2063 3815 κκθέπερ
2106 3737 2348 3815 nvp-,clm
2390 3735 2492 3799 xxi
2534 3737 2865 3816 Σμικρίνης.
2904 3736 3083 3801 Ixion

832 3856 1045 3910 contra
1103 3847 1374 3931 aliquem
1438 3871 1512 3911 ex
1574 3847 1967 3913 auditoribus
2017 3850 2167 3934 peti.
2224 3849 2405 3913 Alius
2453 3850 2635 3914 cuius
2683 3872 2909 3914 nomen
2956 3873 3082 3915 non

833 3960 1108 4040 additur,
1170 3970 1466 4045 reputans
1522 3960 1638 4024 sub
1707 3963 2143 4047 Aristophanis
2192 3963 2574 4027 dictionibus
2624 3963 3086 4029 obscurioribus

832 4098 1011 4160 saepe
1060 4075 1223 4139 iocos
1271 4076 1477 4140 minus
1522 4075 1813 4138 honestos
1860 4077 2074 4155 latere,
2127 4078 2203 4140 de
2252 4081 2434 4156 πυρρςί·
2482 4078 2672 4156 albeis>
2721 4079 3038 4162 cogitavit.

923 4189 1162 4252 Harum
1229 4190 1817 4274 interpretationum
1883 4190 2065 4253 nulla
2128 4192 2450 4253 satisfacit.
2505 4189 2649 4254 Non
2707 4198 2819 4269 est,
2870 4192 3086 4271 fateor,

834 4308 945 4365 τῶν
1007 4303 1307 4366 ἀδυνάτων
1372 4325 1551 4366 versu
1615 4306 1741 4365 305
1805 4305 2185 4368 sacerdotem
2244 4304 2459 4368 Bacchi
2511 4306 2660 4389 peti,
2710 4307 2818 4389 qui
2870 4314 2943 4369 ut
2987 4308 3090 4371 do·

834 4425 978 4480 cent
1042 4416 1304 4501 Eupolis
1365 4417 1429 4480 in
1493 4416 1684 4480 schol.
1750 4441 1804 4480 a.
1855 4417 1917 4481 h.
1968 4419 2009 4481 l.
2062 4427 2125 4481 et
2174 4417 2525 4502 Hesychius
2573 4419 2638 4482 in
2688 4442 2835 4482 voce
2885 4420 3088 4500 Ἰερεὺς

837 4530 1132 4609 Διονύσευ,
1204 4530 1556 4596 rubicundo
1627 4541 1754 4595 erat
1819 4532 2024 4611 vultu,
2096 4532 2201 4597 sed
2276 4541 2405 4596 tam
2473 4534 2724 4599 ieiunus
2787 4543 2882 4600 est
2946 4536 3092 4600 talis
