3875 5634
715 657 796 721 14
1559 672 2031 720 Acuaauassns.

661 853 768 920 Vs.
816 847 981 919 440.
1091 856 1187 921 δεῖ
1226 858 1343 938 γάρ
1389 880 1468 934 με
1517 853 1680 950 aigae
1727 856 1970 936 πτωχὸν
2014 850 2156 920 εἶναι
2204 858 2483 938 τήμερον,

914 976 922 983 ’
1106 965 1249 1036 εἶναι
1298 972 1410 1049 μὲν
1454 969 1629 1053 ὅσπερ
1672 969 1817 1049 εἰμὶ.
1840 968 2190 1053 »Φκίνεοθοιι
2235 971 2298 1036 δὲ
2347 972 2453 1049 μή.

753 1123 855 1191 Fr.
911 1123 1065 1190 Eur.
1132 1127 1280 1190 699.
1341 1124 1548 1191 Schol.
1610 1124 1660 1191 οἱ
1709 1123 1807 1190 δύο
1854 1125 2050 1205 στίχοι
2094 1119 2244 1190 οὗτοι
2288 1124 2357 1213 ἐκ
2400 1123 2687 1207 Τηλέφου
2734 1125 2885 1207 Eripe

663 1240 854 1306 πίδου.
906 1238 1236 1305 Per-tinent
1282 1240 1359 1306 ad
1410 1239 1662 1306 initium
1714 1238 2088 1325 tragoediae.
2143 1239 2415 1321 Τήμερον
2460 1262 2585 1305 non
2624 1239 2702 1306 ab
2741 1238 2921 1306 Euri·

661 1353 806 1442 pide
853 1355 1154 1441 scriptum
1205 1356 1349 1421 fuit.

753 1468 860 1533 Vs.
932 1473 1059 1534 4422
1132 1493 1265 1556 sqq.
1337 1463 1580 1536 faciunt
1648 1470 2158 1535 commentarium
2233 1471 2538 1536 comicum
2603 1494 2691 1537 vs.
2747 1471 2913 1536 441:

659 1583 1115 1672 spectatoribus
1185 1586 1307 1651 erit
1375 1586 1428 1651 is
1489 1585 1598 1670 qui
1659 1593 1772 1661 est,
1837 1583 2246 1672 DicaeopoliS‚
2312 1585 2419 1651 sed
2485 1585 2712 1652 chorus
2773 1606 2915 1650 eum

662 1694 916 1765 habebit
974 1721 1088 1786 pro
1144 1699 1446 1787 Telepho,
1513 1701 1552 1765 i.
1605 1724 1655 1764 e.
1720 1722 1832 1787 pro
1893 1700 2144 1766 homine
2205 1700 2545 1767 miserrimo
2592 1699 2806 1767 eodem
2855 1707 2921 1767 et

659 1812 1004 1895 vaferrimo,
1068 1814 1251 1880 cuius
1314 1814 1648 1879 artificiosa
1709 1813 1892 1879 simul
1956 1823 2020 1879 et
2068 1815 2521 1880 miserationem
2570 1815 2918 1882 excitatura

660 1928 942 1995 oratione
989 1928 1273 1994 inimicos
1318 1937 1671 2016 permotum
1723 1930 1795 1994 iri
1847 1929 1983 1995 Dic.
2036 1938 2261 2018 sperat.

749 2041 810 2107 J.
849 2066 965 2109 van
1006 2041 1340 2122 Lceuwen,
1379 2049 1451 2109 de
1488 2046 1878 2129 Aristophane
1918 2045 2127 2129 Eur-ip.
2170 2068 2416 2124 censore,
2455 2067 2516 2133 p.
2561 2048 2708 2128 104,
2733 2052 2920 2133 putat

659 2181 745 2222 vs.
795 2161 924 2223 443
972 2158 1157 2224 rideri
1209 2159 1468 2225 chorum
1519 2158 1935 2247 Euripideum
1983 2183 2018 2223 a
2064 2159 2304 2245 reliqua
2351 2158 2668 2246 tragoedia
2714 2182 2910 2247 paene

658 2268 956 2355 alienum,
1020 2273 1190 2359 quod
1251 2249 1467 2339 verum
1532 2281 1627 2338 est
1687 2273 1737 2338 si
1784 2272 2070 2338 addimus
2119 2272 2305 2338 rideri
2357 2272 2687 2340 choreutas
2731 2273 2913 2340 Euri·

658 2387 825 2474 pidei
882 2386 1165 2473 Telephi,
1230 2387 1338 2473 qui
1405 2388 1517 2453 uni
1579 2387 1936 2453 nesciebant
1997 2388 2091 2452 vel
2141 2412 2204 2452 sc
2252 2388 2485 2455 nescire
2533 2386 2909 2455 simulabant

659 2503 801 2588 quis
846 2511 1008 2569 esset
1054 2502 1384 2569 mendicus
1423 2502 1528 2568 illc
1570 2502 1865 2581 GraecuS,
1906 2501 2076 2588 quod
2111 2504 2229 2567 toti
2258 2503 2504 2568 theatro
2529 2510 2750 2569 notum
2776 2509 2910 2569 erat

658 2617 933 2703 ipsisque
993 2619 1282 2703 ignotum
1333 2641 1464 2683 esse
1511 2640 1634 2683 non
1681 2624 1926 2705 poterat
1972 2618 2120 2701 quia
2167 2618 2297 2703 ipse
2344 2615 2660 2702 Telephus
2708 2639 2907 2683 coram

659 2731 949 2813 omnibus
994 2732 1237 2798 dixerat
1280 2757 1343 2797 se
1393 2740 1592 2797 vestes
1639 2740 2032 2798 mutaturum
2081 2755 2230 2796 esse.

658 2966 767 3048 Vs.
814 2974 955 3044 445
1011 3007 1144 3070 sqq.
1283 2993 1475 3065 πυκνῇ
1521 2986 1637 3066 γὰρ
1683 2986 1880 3050 λεπτοὶ
1926 2989 2187 3068 μηχανᾷ
2233 2983 2413 3066 Φρενί.

746 3134 920 3202 Haec
965 3160 1090 3203 non
1131 3162 1165 3204 e
1204 3139 1370 3203 vitae
1410 3138 1759 3204 communis
1794 3138 2251 3205 consuetudine
2292 3137 2458 3204 dicta
2496 3146 2681 3218 sunt3
2720 3146 2908 3219 πυκνῇ

656 3251 838 3335 Φρενί.
897 3252 1050 3319 Eur.
1116 3252 1258 3340 Iph.
1324 3253 1477 3319 Aul.
1528 3254 1631 3318 67.
1682 3252 2016 3340 Euripides
2066 3255 2165 3339 (cf.
2216 3252 2294 3317 ad
2345 3256 2496 3334 410)
2542 3275 2656 3319 suo
2703 3253 2911 3318 utitur

655 3390 954 3434 sermone.
1002 3367 1301 3434 Eiusdem
1350 3370 1598 3454 generis
1641 3375 1828 3434 sunt:

745 3485 897 3548 449.
1366 3481 1603 3548 ἄπελθε
1649 3484 1858 3547 λαΐνων
1902 3481 2215 3559 σταθμῶν.

656 3604 721 3661 et
764 3597 932 3682 quod
982 3599 1270 3680 sequitur
1317 3619 1681 3684 responsum
1728 3594 2225 3683 Dicaeopolidis:

744 3714 896 3777 450.
1095 3707 1135 3774 ὦ
1182 3711 1338 3789 θύμ’
1385 3713 1516 3793 ὁρᾷς
1562 3711 1677 3791 γὰρ
1723 3714 1797 3783 ὡς
1842 3709 2206 3788 ἀπωθοῦμαι
2253 3711 2457 3787 δόμων.

657 3825 751 3893 Of.
800 3824 1050 3892 Nauck.
1103 3828 1177 3891 fr.
1224 3827 1434 3911 adesp.
1487 3827 1589 3890 27.

743 3946 894 4007 454.
988 3943 1051 4007 τί
1092 3943 1166 4013 δ’,
1219 3938 1259 4006 ὦ
1309 3942 1524 4015 τάλας,
1576 3942 1642 4006 σὲ
1688 3941 1846 4007 τοῦδ’
1896 3941 2026 4022 ἔχει
2074 3942 2321 4014 πλέκους
2368 3942 2572 4021 χρέοςς

655 4055 732 4121 de
775 4078 904 4143 quo
952 4056 1155 4123 Schol.
1205 4057 1311 4121 κκὶ
1361 4060 1528 4122 τοῦτο
1574 4056 1736 4136 παρὰ
1780 4056 1860 4120 τὲ
1897 4058 1964 4120 ἐκ
2002 4056 2290 4134 Τηλέφου
2330 4055 2639 4135 Εὐριπίδου
2678 4054 2794 4127 ..τί
2828 4054 2900 4126 δ’,

653 4166 696 4235 ὦ
753 4170 971 4245 τάλας,
1032 4172 1107 4236 σὺ
1165 4171 1315 4252 τῷδε
1378 4169 1698 4236 πείθεο-θαι
1763 4169 2045 4248 μέλ).ει.ς”
2114 4169 2217 4255 (Ν.
2270 4193 2350 4247 με
2393 4177 2500 4251 λῇς
2546 4168 2898 4253 temptavit,

654 4282 728 4346 fr.
771 4285 943 4366 714),
984 4284 1152 4349 unde
1192 4290 1403 4349 tamen
1444 4306 1571 4349 non
1610 4292 1868 4371 apparet
1906 4284 2078 4349 hunc
2112 4282 2372 4369 Telephi
2406 4303 2646 4348 versum
2675 4287 2903 4369 poetae

653 4417 865 4462 revera
906 4407 1052 4463 ante
1098 4398 1317 4465 oculos
1351 4396 1743 4464 obversatum
1784 4422 1932 4465 esse.
1975 4398 2138 4463 Poll.
2181 4396 2261 4475 X,
2305 4400 2421 4460 92:
2462 4396 2676 4469 πλέκος
2723 4393 2905 4467 εἴρηκε
2991 4469 3004 4483 ⁸

651 4511 1144 4593 παρατραγῳδῶν.
1196 4511 1465 4578 Locutio
1510 4512 1639 4594 ἔχει
1683 4537 1750 4578 σε
1792 4514 1964 4594 χρέο,-
2011 4513 2244 4597 tragica
2291 4518 2406 4575 est.
