3875 5634
1785 634 2193 679 FRAGMENTA.
2938 620 3061 681 195

856 821 930 862 ex
977 798 1174 862 altera
1218 797 1378 863 Pace
1426 800 1705 863 citantur
1749 799 1890 864 aliis
1936 800 2269 865 comoediis
2309 800 2556 879 tribuit,
2596 824 2813 866 vereor
2852 825 2931 866 ne
2981 825 3112 888 spe-

857 912 1084 975 ciosius
1130 934 1319 996 quam
1366 912 1573 976 verius
1621 913 1924 997 disputet.
1979 914 2346 998 Alloquitur
2386 914 2615 998 aliquis
2650 914 2962 979 hominem
3000 915 3115 1000 qui

857 1024 1066 1088 herbis
1111 1032 1174 1087 et
1220 1023 1508 1109 frugibus
1543 1033 1801 1090 ornatus
1839 1026 1906 1089 in
1940 1048 2185 1090 scenam
2227 1025 2534 1112 prodibat.
2577 1025 2861 1091 Coniecit
2905 1027 3113 1113 Bergk

858 1136 1207 1223 Trygaeum
1255 1138 1602 1203 allocutum
1652 1161 1783 1202 esse
1833 1138 2188 1224 Georgiam.

1860 1289 2137 1359 Heroas.

864 1436 965 1501 Fr.
1018 1428 1181 1499 289.
1269 1436 1323 1499 Ε
1371 1434 1577 1501 Schol.
1621 1435 1869 1501 Thesm.
1922 1440 1999 1500 21
2054 1446 2311 1524 apparet
2358 1439 2836 1524 Aristophanem
2891 1440 2957 1504 in
2997 1440 3120 1504 He-

863 1549 1076 1613 roibus
1123 1571 1304 1613 versu
1356 1548 1678 1634 Sophoclis
1723 1550 1895 1630 σοφοὶ
1944 1549 2199 1631 τύραννοι
2255 1557 2358 1615 τῶν
2406 1556 2603 1633 σοφῶν
2649 1554 2919 1634 συνουσίᾳ
2965 1560 3117 1616 tam-

864 1685 1050 1747 quam
1098 1661 1442 1748 Euripideo
1487 1683 1673 1727 usum
1722 1685 1872 1728 esse.

1591 1813 2075 1901 Thesmophor.
2125 1816 2405 1886 alterae.

867 1966 970 2029 Fr.
1023 1957 1186 2029 304.
1277 1963 1600 2045 ’Άμφοδον
1648 1967 1829 2046 ἐχρῆν
1878 1968 2038 2046 αὐτῷ
2083 1967 2335 2031 τίθεσθαι
2379 1966 2653 2045 τοῦνομα.

956 2078 1262 2143 Ludibrio
1329 2078 1520 2142 habet
1581 2081 1690 2142 Ar.
1756 2079 2043 2143 studium
2102 2080 2427 2143 nominum
2495 2079 2969 2144 derivandorum
3019 2082 3121 2146 cui

869 2200 933 2256 et
997 2192 1106 2257 alii
1173 2200 1238 2256 et
1296 2192 1635 2277 Euripides
1697 2192 2120 2256 indulserunt.
2173 2192 2247 2256 In
2297 2193 2574 2257 dramate
2623 2195 2897 2279 Antiope
2945 2195 3127 2258 docet

873 2305 973 2369 hic
1037 2329 1262 2370 nomen
1328 2306 1701 2391 Amphionis
1750 2329 1823 2369 ex
1871 2306 2048 2385 ἀμφὶ
2098 2313 2161 2368 et
2206 2307 2344 2370 ἱέναι
2391 2307 2799 2391 compositum
2850 2331 3001 2385 esse,
3049 2308 3122 2372 fr.

876 2422 1023 2497 182,
1071 2428 1135 2483 ot
1184 2419 1447 2483 Zethum
1497 2442 1724 2483 nomen
1775 2420 2083 2503 accepisse
2129 2442 2164 2482 a
2210 2420 2428 2498 ζητεῖν,
2476 2420 2550 2483 fr.
2606 2421 2749 2483 181.
2793 2419 2964 2484 Alibi
3000 2443 3125 2485 non

875 2533 1314 2617 etymologiam
1364 2533 1613 2616 quaerit
1656 2532 1808 2596 Eur.
1860 2532 1969 2596 sed
2015 2555 2239 2596 nomen
2285 2540 2599 2617 comparat
2644 2555 2786 2596 cum
2835 2534 2982 2597 fatis
3028 2534 3125 2598 vel

871 2645 1055 2710 rebus
1100 2647 1312 2730 gestis.
1364 2645 1847 2710 Andromachen
1895 2653 2107 2709 monet
2152 2646 2288 2710 iure
2334 2667 2518 2711 suum
2567 2668 2794 2710 nomen
2835 2644 3126 2710 habuisse

871 2760 1019 2843 quia
1078 2758 1241 2840 οὶνδρὶ
1308 2759 1604 2839 μάχεται,
1664 2759 1739 2823 fr.
1809 2760 1982 2824 1079
2033 2766 2097 2822 et
2144 2759 2220 2823 de
2271 2758 2588 2843 Meleagro
2637 2759 2852 2823 scribit
2897 2760 3122 2838 μελέαν

871 2872 986 2953 γάρ
1055 2882 1191 2937 ποτ’
1255 2872 1515 2953 ἆγρεύεις
1577 2872 1788 2953 ἄγραν,
1857 2873 1930 2936 fr.
2004 2875 2150 2936 521.
2216 2871 2311 2938 Cf.
2369 2870 2602 2937 Phoen.
2657 2876 2850 2951 1495,
2899 2873 3122 2938 Troad.

875 2990 1022 3066 990,
1087 2986 1311 3050 Bacch.
1380 2988 1527 3066 508,
1579 2986 1720 3071 Iph.
1785 2985 1975 3049 Taur.
2029 2987 2133 3064 32,
2181 2984 2290 3050 Or.
2344 2988 2536 3067 1635,
2585 2987 2658 3050 fr.
2714 2989 2833 3052 781
2887 3011 2972 3052 vs,
3025 2991 3128 3053 12.

875 3102 932 3162 A
979 3121 1102 3182 quo
1142 3102 1287 3164 lusu
1327 3121 1528 3183 neque
1570 3097 1906 3184 Sophocles
1954 3098 2282 3178 abstinuit,
2324 3100 2425 3163 Ai.
2454 3102 2603 3180 430,
2629 3123 2833 3185 neque
2859 3101 3128 3188 Aeschy-

872 3211 990 3292 luS,
1056 3212 1225 3298 Sept.
1288 3215 1437 3290 829,
1505 3216 1623 3297 Ag.
1693 3215 1842 3291 690,
1900 3234 2106 3297 neque
2152 3219 2337 3297 poeta
2384 3213 2619 3297 Hymni
2668 3212 2856 3277 Hom.
2904 3214 2971 3278 in
3016 3217 3131 3279 Pa-

874 3348 1016 3389 nem
1085 3330 1191 3404 48,
1254 3327 1320 3391 in
1379 3325 1687 3391 Venerem
1753 3329 1878 3391 199
1948 3350 2036 3411 sq.
2097 3327 2325 3413 Tangit
2372 3327 2672 3392 eiusmodi
2722 3329 3129 3414 etymologias

879 3439 1325 3526 Aristophanes
1385 3441 1502 3525 Eq.
1556 3443 1749 3518 1257,
1800 3440 1874 3506 fr.
1925 3444 2055 3504 324
2101 3448 2184 3504 et.
2232 3440 2479 3505 Thesm.
2533 3444 2700 3505 1215
2753 3441 2862 3506 ubi
2907 3441 3127 3508 lictor:

1277 3557 1446 3635 ὀρτῶς
1493 3555 1557 3619 δέ
1602 3579 1657 3618 τι
1702 3554 1912 3632 συβίνη
1963 3556 2102 3620 ’σῖ-ι’·
2149 3554 2506 3632 καταβινῆσι
2552 3556 2683 3637 γάρ.

967 3665 1068 3728 Ita
1115 3667 1280 3730 enim
1326 3668 1547 3753 tragici
1595 3668 1950 3752 loquuntur
1997 3692 2053 3732 v,
2103 3692 2152 3733 c.
2202 3669 2447 3747 Aesch„
2500 3669 2668 3755 Sept.
2721 3673 2871 3748 829,
2913 3671 2961 3735 οἳ
2998 3671 3126 3744 δῆτ’

880 3782 1042 3861 ὀρθῶς
1107 3780 1246 3845 κατ’
1319 3783 1655 3860 ἐπωνυμίαν
1720 3783 1866 3854 mi„
1916 3782 2092 3861 Eur„
2140 3781 2360 3847 Troad.
2413 3787 2562 3861 990,
2611 3783 2713 3848 καὶ
2761 3784 2994 3861 τοῦνομ’
3046 3787 3130 3865 ὅρ-

882 3895 986 3965 θῶς
1032 3894 1361 3973 ἀφροσύνης
1410 3893 1581 3975 ἄρχει
1629 3898 1778 3967 θεᾶς.

1844 4045 2175 4116 Lemniae.

881 4193 978 4259 Fr.
1032 4185 1193 4258 324.
1280 4196 1506 4259 ἐνταῦθ’
1553 4195 1954 4276 ἐτυραννευσεν
2001 4196 2344 4275 ’Ὑψιπύλης
2391 4197 2603 4277 πατὴρ,

1277 4308 1457 4381 Θόας,
1508 4308 1818 4389 βραδιστος
1868 4308 1942 4372 ὢν
1989 4311 2046 4374 ἐν
2093 4310 2400 4390 ἀνθρώποις
2449 4310 2709 4391 δραμεῖν.

969 4418 1115 4484 Vid.
1156 4419 1235 4483 ad
1256 4421 1332 4486 fr.
1362 4424 1512 4486 304..
1538 4420 1872 4507 Tragicum
1898 4421 2188 4503 τάχιστος
2216 4424 2523 4510 scripsisse
2549 4424 2813 4488 coniecit
2834 4448 2889 4489 v.
2917 4423 3123 4490 Herw.
