3875 5634
909 708 1031 768 146
1867 724 2098 769 uasat.

860 893 983 955 477
1037 890 1310 970 legatur:
1361 890 1660 971 Τιθροέσιος
1710 890 1833 974 (Fr.
1882 892 2172 956 emendat
2220 895 2571 981 Τίθροισος)
2617 895 2793 968 τόπος
2839 905 2946 970 τῆς
2994 908 3105 962 Λι-

860 1003 1032 1079 βύης.
1084 1001 1176 1067 Cf.
1227 1004 1451 1068 Bacch.
1504 1007 1654 1069 990.

950 1118 1100 1180 473.
1147 1118 1249 1195 ἐφ’
1319 1119 1393 1188 ἃς
1454 1119 1569 1195 ἐγὼ
1631 1119 1907 1199 δρομαῖον
1967 1118 2196 1199 ὁρμήσω
2255 1120 2427 1185 πόδοι.
2478 1119 2764 1200 Quorum
2809 1124 3106 1208 tragicam

860 1228 1190 1294 dictionem
1261 1253 1441 1294 nemo
1512 1253 1635 1295 non
1695 1233 1996 1313 agnoscit.
2066 1231 2217 1296 Eur.
2286 1233 2423 1297 Alc.
2488 1237 2636 1312 244,
2700 1234 2844 1301 Hel.
2916 1239 3106 1319 1319,

862 1341 1000 1428 Iph.
1048 1343 1234 1407 Taur.
1291 1345 1494 1422 14·07;
1543 1346 1651 1409 Ar.
1703 1343 1846 1408 Pac.
1902 1348 2026 1409 160
2074 1346 2355 1425 δρομαίαν
2403 1349 2671 1429 πτέρυγα
2717 1350 2781 1414 in
2831 1352 3103 1437 parodia.

951 1456 1248 1543 Superest
1312 1467 1385 1522 ut
1432 1459 1493 1523 in
1544 1459 1848 1543 originem
1899 1458 2121 1523 horum
2169 1480 2460 1525 versuum
2511 1461 2919 1547 inquiramus.
2970 1465 3112 1530 Sus·

861 1571 1048 1656 picati
1135 1581 1287 1635 sunt
1373 1571 1630 1656 Bergler
1714 1572 1951 1656 aliique
2014 1580 2256 1658 poetam
2329 1574 2643 1640 imitatum
2717 1600 2845 1641 esse
2917 1577 3106 1663 Soph.

857 1683 1077 1748 Traeh.
1130 1688 1255 1750 770
1303 1709 1434 1770 sqq.
1484 1684 1720 1750 Narrat
1757 1684 1844 1749 ibi
1895 1685 2123 1770 Hyllus
2168 1709 2376 1751 casum
2427 1687 2752 1754 Herculis:
2803 1686 2931 1756 εἷται
2973 1699 3107 1773 φοι-

859 1798 982 1870 νίοις
1036 1796 1302 1888 Ιὲχθρᾶς
1360 1801 1602 1879 ἐχίδνης
1662 1800 1742 1871 25.-
1803 1800 1876 1873 ὣς
1938 1800 2211 1866 ἕδοιίνυτο.
2256 1798 2267 1889 Ι
2313 1803 2435 1865 773
2499 1806 2864 1884 σπκροιγμὲς
2929 1807 3108 1871 αὐτοῦ

858 1914 1196 1990 πλευμόνων
1240 1914 1563 1993 ἀνθήψατο.
1609 1911 1618 2002 Ι
1664 1916 1786 1979 781
1837 1914 2027 1991 κόμη-,τ
2073 1913 2133 1979 δὲ
2180 1917 2380 1980 λευκὸν
2426 1918 2639 1994 μυελὸν
2686 1919 2943 1997 ἕκρκίνει,
2995 1919 3105 1996 με’-

856 2048 959 2090 σου
998 2023 1008 2114 1
1049 2028 1255 2106 κρατὸς
1313 2027 1732 2107 δικο-ποιρέντος
1792 2024 2051 2104 affixa-A.-
2114 2029 2159 2092 θ’
2222 2029 2389 2106 ὁμοῦ.
2453 2028 2702 2111 Quibus
2760 2039 2967 2095 tamen
3017 2055 3108 2097 as-

861 2140 1075 2204 sentiri
1116 2163 1238 2205 non
1282 2163 1461 2224 queo.
1505 2140 1649 2205 Non
1691 2142 1856 2205 enim
1900 2141 2050 2205 haec
2088 2150 2181 2205 est
2218 2142 2509 2228 parodiae
2548 2125 2787 2207 indoles
2825 2150 2896 2207 ut
2919 2146 3111 2210 unde·

858 2276 1108 2339 cunque
1177 2254 1360 2320 verba
1428 2264 1850 2337 congerant-ur
1921 2278 2081 2340 quae
2151 2256 2212 2319 in
2276 2279 2341 2320 re
2400 2257 2640 2321 diversa
2699 2257 2866 2322 dieta
2934 2268 3102 2325 sunt.

859 2368 1122 2452 Aliquid
1193 2392 1518 2433 commune
1589 2369 1859 2433 habeant
1927 2377 2039 2432 aut
2100 2369 2162 2433 in
2227 2393 2292 2433 re
2356 2370 2536 2456 plane
2586 2373 2894 2435 contraria
2940 2373 3105 2437 dicta

853 2485 980 2549 sint
1027 2486 1106 2549 τοὶ
1153 2484 1572 2564 πκρῳδούμενοι
1621 2507 1866 2547 neccsse
1909 2492 2020 2547 est.
2066 2482 2210 2547 Non
2254 2485 2529 2549 minatur
2571 2485 2800 2570 Hyllus
2843 2487 2945 2551 sed
2974 2510 3107 2552 nar·

857 2605 973 2678 rat,
1045 2619 1248 2682 neque
1319 2604 1491 2660 tanta
1555 2605 1647 2659 est
1706 2598 1874 2660 inter
1938 2604 2279 2680 utrumque
2346 2597 2552 2662 locum
2612 2578 2961 2664 similitudo
3032 2607 3108 2664 ut

853 2711 1021 2777 dicas
1081 2710 1560 2798 Aristophanem
1623 2710 1953 2797 Sophoclis
2016 2709 2200 2774 verba
2260 2711 2493 2798 quippe
2543 2712 2688 2776 huic
2734 2713 2871 2777 loco
2918 2714 3103 2799 aptis·

855 2828 1030 2905 sima,
1080 2852 1193 2892 sua
1238 2828 1472 2892 fecisse.

946 2941 1089 3005 Alia
1134 2941 1255 3005 suit
1301 2940 1510 3026 opinio
1554 2940 1628 3004 E.
1678 2938 1997 3019 Muelleri,
2049 2938 2269 3003 Gesch.
2312 2938 2420 3004 der
2456 2939 2718 3004 Theorie
2760 2939 2869 3005 dcr
2894 2939 3107 3005 Kunst

853 3053 888 3119 I
934 3079 995 3143 p.
1048 3059 1195 3135 264,
1244 3056 1411 3141 apud
1460 3053 1706 3118 Welck.
1755 3052 1827 3116 ΙΙ
1877 3076 1935 3139 p.
1990 3056 2134 3117 735.
2186 3052 2412 3137 Neque
2460 3076 2534 3117 ex
2581 3053 2906 3139 Euripidis
2943 3052 3100 3118 The-

851 3193 954 3236 seo
1000 3192 1202 3255 neque
1250 3194 1282 3233 e
1331 3169 1651 3255 Sophoclis
1702 3166 1919 3232 Trach.
1962 3189 2172 3231 versus
2209 3168 2337 3230 470
2380 3190 2510 3251 sqq.
2554 3168 2843 3232 sumsisse
2870 3168 3105 3232 Aristo-

848 3283 1116 3371 phanem
1162 3285 1405 3347 censuit
1451 3282 1557 3347 sed
1607 3306 1638 3346 c
1689 3282 1968 3345 dramate
2018 3280 2319 3346 Pirithoii.
2367 3281 2543 3345 Idem
2584 3281 2895 3346 Fritschio
2934 3304 3102 3346 men·

846 3407 975 3462 tem
1024 3396 1219 3462 subiit
1264 3398 1370 3461 sed
1418 3396 1790 3460 senteutiam
1840 3395 2109 3459 mutavit
2158 3417 2300 3458 cum
2349 3418 2621 3473 „omnes
2670 3394 2827 3460 hanc
2865 3403 3104 3480 tragoe-

846 3512 1070 3591 „diam
1119 3511 1385 3576 Pirithoi
1432 3511 1684 3574 nomine
1733 3532 1857 3574 non
1897 3509 2118 3572 Thesei
2158 3507 2388 3588 dicant,
2429 3516 2492 3572 et
2536 3531 2613 3572 ne
2655 3516 2820 3572 recte
2844 3507 3097 3593 quidem

846 3627 1167 3706 „sciamus
1215 3634 1424 3689 utrum
1478 3623 1813 3709 Euripides
1852 3646 1927 3686 an
1973 3623 2185 3708 potius
2226 3622 2458 3687 Critias
2494 3630 2797 3706 tyrannus
2825 3621 3097 3687 fabulam

840 3741 1272 3825 ,‚scripserit‚'’
1322 3746 1387 3802 et
1436 3739 1515 3803 de
1561 3738 1772 3821 aliqua
1819 3736 2147 3822 Euripidis
2196 3735 2513 3820 tragoedia
2556 3736 2854 3820 cogitavit
2891 3736 3104 3820 inqua

838 3853 1067 3939 aliquis
1111 3852 1370 3917 Herculi
1420 3851 1804 3939 praediceret
1857 3874 1983 3935 quo
2033 3851 2248 3914 mortis
2296 3873 2519 3934 genere
2569 3849 2980 3914 occumberet.

927 3966 1047 4033 Sed
1094 3990 1306 4033 vereor
1351 3976 1426 4030 ut
1473 3967 1574 4030 hic
1624 3966 1882 4037 δεύτερκι
1923 3966 2235 4045 φροντίδες
2278 3966 2602 4045 camebi-epact
2646 3965 2900 4029 fuerint.
2926 3964 3102 4049 Mag·

835 4104 1064 4168 nopere
1119 4082 1284 4146 enim
1332 4080 1564 4145 arridet
1614 4079 1918 4144 Muelleri
1969 4079 2326 4143 coniectura
2373 4101 2537 4155 cum,
2585 4080 2750 4143 sicut
2796 4081 2860 4143 in
2906 4078 3100 4143 Ranis

838 4194 1500 4281 Dionysus-HerculeS,
1567 4195 1634 4258 in
1672 4193 1957 4258 Pirithoo
2009 4215 2189 4258 verus
2247 4192 2553 4257 Hercules
2603 4191 2681 4256 ad
2728 4193 2953 4257 inferos
2999 4192 3102 4257 de-

836 4311 1149 4376 scenderit
1193 4311 1418 4374 amicos
1466 4308 1821 4374 Pirithoum
1870 4307 2315 4391 Theseumque
2365 4330 2473 4393 per
2524 4308 2644 4371 vim
2699 4306 3100 4387 liberaturus»,

832 4424 999 4506 quod
1046 4423 1271 4488 docent
1318 4422 1523 4487 Schol.
1574 4421 1780 4486 Tzetz.
1830 4444 1927 4507 ap.
1980 4419 2072 4486 N.
2116 4419 2220 4484 xxi
2263 4421 2541 4500 Πειρίθοος
2583 4419 2694 4497 μὲν
2737 4418 3098 4500 κατεβρώθη,

834 4535 860 4598 ὃ
901 4535 965 4601 δὲ
1009 4537 1236 4610 Θησεὺς
1282 4537 1458 4610 ἐσώθη
1507 4538 1642 4617 παρ’
1692 4534 2077 4617 Ἡρκκλέους·
2128 4534 2263 4598 xxr'
2304 4533 2631 4612 Εὐριπίδην
2673 4530 2957 4613 σώζονται
2995 4530 3099 4597 καὶ
