3875 5634
844 740 970 802 126
1567 756 2270 803 mnsuornoanzusm.

885 921 1031 989 Hel.
1098 927 1248 1003 565,
1313 927 1462 989 566.
1528 924 1895 1011 Suspicatur
1940 922 2224 989 Fritsche
2270 923 2554 989 codicum
2600 922 2937 987 lectionem
2992 921 3060 986 in

799 1036 911 1101 Ar.
959 1036 1228 1119 ἐσχάρας
1273 1039 1613 1123 genuinam
1661 1061 1813 1104 esse.

790 1287 897 1354 Vs.
949 1281 1113 1352 913.
1231 1289 1393 1368 λαβέ
1439 1313 1520 1368 με
1564 1288 1723 1367 λαβέ
1769 1312 1868 1367 με,
1914 1286 2069 1367 πόσι,
2117 1287 2404 1369 περίβαλε
2448 1288 2512 1353 δὲ
2557 1287 2763 1370 χέρας.

888 1426 1052 1492 Sono
1112 1426 1347 1492 similes
1406 1433 1558 1492 sunt
1618 1425 1887 1491 dochmii
1948 1424 2093 1491 Hel.
2157 1426 2287 1490 627
2337 1423 2558 1505 ἔλαβον
2601 1425 2847 1506 ἀσμένα
2892 1428 3059 1492 πόσιν

792 1541 954 1619 ἐμὸν,
1003 1540 1203 1623 Φίλαι,
1245 1538 1255 1631 Ι
1297 1541 1428 1623 περί
1466 1542 1523 1606 τ’
1568 1539 1837 1606 ἐπέτασα
1883 1540 2059 1622 χέρα.

879 1652 1186 1719 Consulto
1234 1654 1486 1719 videtur
1530 1652 1692 1733 λαβέ
1738 1678 1820 1732 με
1864 1660 1929 1718 et
1965 1654 2030 1718 in
2068 1654 2354 1739 sequenti
2396 1676 2580 1719 versu
2617 1652 2829 1734 ἄπαγε
2866 1654 3052 1720 itera·

789 1769 946 1832 visse
1009 1774 1085 1832 ut
1145 1767 1475 1833 verborum
1531 1768 1970 1855 repetitionem
2019 1767 2084 1834 in
2132 1769 2439 1856 Euripide
2485 1776 2754 1849 notaret,
2804 1770 2884 1836 de
2931 1792 3056 1856 qua

795 1880 935 1946 vide
995 1882 1072 1947 ad
1136 1881 1296 1948 Ran.
1354 1884 1545 1949 1337.
1594 1882 2018 1948 Numerorum
2068 1883 2553 1971 Euripideorum
2602 1886 2913 1950 rationem
2960 1885 3058 1950 lu·

793 1993 995 2060 dibrio
1040 1994 1265 2061 habuit
1312 1995 1516 2061 verbis
1560 2019 1649 2061 vs,
1700 1999 1826 2061 915

1240 2122 1400 2205 φέρε,
1449 2147 1517 2187 σε
1560 2122 1734 2188 κύσω.
1783 2120 1993 2201 ἄπαγε’
2039 2123 2110 2202 μ’
2156 2121 2355 2203 ἄπαγ’
2402 2122 2602 2203 ἄπαγ’
2652 2122 2865 2203 ἄπαγέ
2909 2150 3009 2204 με.

879 2235 1249 2322 Euripidem
1312 2237 1480 2302 enim
1536 2237 1604 2301 in
1658 2236 2013 2322 posterioris
2069 2238 2366 2324 temporis
2431 2238 2768 2324 tragoediis
2816 2238 3051 2319 „haud

789 2344 987 2427 „raro
1056 2372 1257 2436 usque
1318 2374 1391 2415 eo
1447 2350 1870 2437 negligentiae
1927 2374 2321 2438 progressum
2383 2375 2516 2417 esse
2563 2360 2638 2417 ut
2684 2350 3044 2418 fabularum

791 2512 832 2541 ‚‚
853 2464 989 2527 eius
1051 2487 1264 2530 versus
1319 2488 1664 2530 sermonem
1711 2465 1836 2530 fere
1881 2466 2203 2550 vulgarem
2248 2465 2594 2551 adaequare
2641 2461 3048 2545 ⁴videantur,”

792 2585 931 2661 post
979 2576 1413 2644 Hermannum
1463 2579 1739 2644 ostendit
1784 2577 1851 2642 C.
1900 2578 1970 2644 F.
2023 2578 2313 2644 Mueller.
2365 2577 2460 2644 De
2509 2579 2774 2666 pedibus
2820 2580 3046 2646 solutis

791 2690 857 2756 in
903 2691 1298 2778 dialogorum
1350 2694 1610 2759 senariis
1656 2716 1717 2781 p.
1768 2696 1852 2757 42
1902 2715 2034 2778 sqq.

875 2803 1357 2892 Paratragoedia
1401 2806 1673 2893 denique
1719 2806 1986 2872 habendi
2032 2812 2184 2872 sunt
2229 2830 2344 2872 vss.
2398 2810 2547 2889 918,
2599 2810 2749 2886 919,
2799 2809 2950 2872 926.

788 3057 897 3124 Vs.
953 3052 1163 3122 1015.
1234 3059 1414 3139 Φίλαι
1453 3058 1731 3140 παρθένοι,
1781 3059 1982 3140 Φίλαι,

1234 3176 1360 3246 πῶς
1407 3171 1480 3237 ἂν
1526 3171 1837 3251 ἀπέλθοιμι
1881 3171 1986 3238 καὶ

1235 3288 1334 3351 τὸν
1379 3265 1609 3359 Σκύθῄν
1654 3284 1923 3364 λάθοιμις
1959 3348 1964 3355 .

877 3423 1086 3490 Schol.
1131 3425 1295 3507 παρὰ
1341 3425 1423 3489 τα
1464 3422 1532 3500 ἐξ
1574 3424 1974 3507 Ἀνδρομέδας
2023 3425 2332 3506 Εὐριπίδου
2376 3473 2417 3504 ‚,
2431 3423 2609 3505 φίλαι
2644 3422 2909 3504 παρθένοι
2933 3421 3046 3503 ΦΙ-

787 3552 890 3603 λαι
958 3538 1119 3616 phot?
1189 3538 1271 3602 τὰ
1334 3538 1399 3603 δὲ
1451 3539 1846 3621 ἐπιφερόμενα
1890 3540 2026 3614 πρὸς
2072 3540 2138 3604 τὸ
2181 3539 2330 3603 αὐτὸ
2376 3535 2499 3623 (Fr.
2548 3539 2747 3602 αὐτοῦ.
2798 3533 3031 3600 Nonne

779 3651 942 3731 αὐτῷ
959 3650 1034 3737 ἳ)
1107 3650 1418 3731 χρήσιμον.
1490 3649 1592 3715 Fr.
1668 3654 1814 3717 117.
1884 3651 2131 3716 Horum
2195 3658 2441 3738 praeter
2499 3649 2684 3715 verba
2747 3650 2942 3715 allata
3005 3673 3042 3714 a

782 3763 992 3829 Schol.
1041 3764 1201 3829 nihil
1245 3764 1542 3851 Euripidi
1587 3764 1994 3831 tribuendum
2042 3788 2172 3830 esse
2219 3786 2458 3831 censeo·
2506 3762 2682 3828 Haec
2731 3763 2900 3828 enim
2949 3769 3047 3828 est

782 3879 1011 3944 talium
1074 3878 1479 3965 parodiarum
1541 3879 1765 3944 facetia
1821 3880 1988 3964 quod
2051 3879 2311 3944 eandem
2356 3901 2427 3942 ac
2471 3877 2795 3962 tragoedia
2843 3878 3046 3962 ingre·

778 3991 1048 4058 diuntur
1092 3993 1256 4057 viam
1303 3993 1411 4058 sed
1456 3992 1669 4058 subito
1713 3993 1837 4057 alio
1883 3992 2249 4059 deflectunt.
2304 3990 2660 4057 Verisimile
2706 3998 2803 4055 est
2849 3989 3039 4054 Euri·

779 4106 989 4195 pidem
1037 4105 1355 4172 dochmios
1400 4107 1709 4192 scripsisse
1756 4106 1933 4187 φίλαι
1980 4105 2255 4188 παρθένοι,
2297 4106 2475 4184 φίλαι
2515 4127 2614 4182 μοι
2658 4122 2745 4162 υ
2768 4141 2836 4181 -,
2863 4103 3040 4167 item-

782 4241 908 4304 que
956 4219 1461 4305 Aristophanem,
1507 4227 1583 4283 ut
1627 4221 1890 4285 coniecit
1935 4218 2257 4284 Hermann
2304 4218 2520 4304 legens

1176 4353 1185 4359 ·
1231 4334 1410 4414 Φίλαι
1457 4332 1716 4415 παρθένοι
1761 4334 1939 4414 Φίλαι
1987 4338 2111 4407 πῶς
2156 4332 2228 4398 ἂν
2273 4327 2383 4398 οὖν.

870 4445 1091 4512 Lectio
1145 4447 1431 4512 codicum
1477 4447 1730 4525 λάβοιμι
1773 4447 2155 4512 defensorem
2202 4453 2427 4512 nactus
2473 4453 2569 4511 est
2614 4444 3030 4511 Ribbeckium

778 4559 889 4645 qui
957 4559 1176 4638 λαβεῖν
1246 4562 1494 4645 fanqen,
1559 4559 1618 4624 d.
1683 4559 1747 4625 h.
1810 4562 2091 4626 tc‘z‘useben
2153 4561 2623 4647 interpretatur.
2675 4560 2764 4624 At
2813 4558 3035 4638 λαβεῖν
