3875 5634
736 720 741 724 .
760 761 803 818 4
1606 771 2078 818 sumamus.

712 938 871 1020 ἔχων
917 940 1059 1018 ὑμῖν
1105 938 1298 1017 λέγειν
1344 939 1629 1005 coniecit.
1676 939 1877 1005 Nulla
1922 961 2068 1004 vero
2119 939 2418 1004 correctio
2460 936 2537 1001 ab
2581 937 2750 1018 omni
2796 944 2974 1023 parte

712 1052 1034 1118 satisfacit.
1094 1053 1244 1118 Non
1306 1054 1475 1119 enim
1534 1054 1923 1140 intelligitur
1986 1075 2180 1138 quare
2241 1052 2607 1139 pronomine
2666 1049 2787 1125 ὅδε,
2846 1072 2974 1136 quo

712 1165 959 1253 saepius
1023 1176 1231 1253 partes
1278 1169 1550 1253 corporis
1598 1168 1811 1232 minus
1858 1166 2155 1232 honestas
2198 1164 2454 1246 indicat,
2501 1164 2603 1230 hic
2648 1164 2725 1230 de
2770 1164 2974 1252 capite

711 1281 974 1367 loquens
1032 1304 1185 1347 usus
1243 1282 1327 1349 sit
1387 1289 1592 1369 poeta,
1657 1303 1886 1367 neque,
1933 1281 1987 1346 si
2038 1282 2136 1347 τὸν
2182 1278 2437 1363 λάρυγγ’
2485 1281 2768 1366 legimus,
2812 1303 2974 1366 quae

712 1394 1008 1482 Elmsleyi
1077 1396 1439 1462 coniectura
1508 1396 1877 1482 ceteroquin
1950 1396 2186 1483 optima
2244 1394 2510 1476 videtur,
2574 1397 2973 1483 perspicuum

714 1515 811 1574 est
868 1531 994 1594 qua
1052 1510 1292 1575 ratione
1353 1508 1460 1583 τὴν
1505 1510 1782 1592 κεφαλὴν
1827 1509 1895 1574 111
1948 1516 2315 1574 contextum
2363 1510 2631 1595 irrepere
2675 1510 2972 1594 potuerit.

712 1622 1115 1703 Muellerum,
1162 1625 1275 1709 qui
1321 1646 1397 1689 ex
1444 1621 1786 1710 Hansingii
1830 1624 2199 1710 conjectura
2237 1622 2344 1696 τήν
2381 1647 2456 1701 γε
2495 1622 2770 1704 κεφαλὴν
2808 1626 2975 1704 σχὼν

712 1735 906 1815 λέγειν
967 1737 1184 1817 edidit,
1232 1746 1524 1825 rogatum
1569 1738 1711 1804 volo
1755 1738 1913 1823 qm'd
1959 1738 2077 1803 hoc
2106 1737 2259 1802 1000
2305 1735 2423 1801 sibi
2468 1736 2621 1802 velit
2666 1737 2975 1823 particula

712 1850 802 1929 γέ.
877 1849 1050 1932 Quid
1118 1854 1433 1940 scripserit
1496 1853 1951 1940 Aristophanes
2012 1874 2140 1918 non
2204 1850 2428 1936 liquet,
2492 1852 2645 1938 quid
2706 1852 2974 1917 voluerit

715 1964 972 2029 minime
1033 1964 1366 2032 obscurum
1426 1973 1541 2032 est.
1592 1964 1675 2031 In
1720 1965 2047 2052 Euripidis
2091 1966 2410 2050 tragoedia
2456 1965 2762 2050 gloriatur
2804 1964 2974 2030 Tele-

708 2077 876 2164 phus
938 2102 1001 2143 se
1065 2101 1193 2144 non
1238 2079 1643 2145 reformidare
1691 2078 1899 2144 dicere
1945 2079 2116 2164 quod
2165 2079 2413 2159 sentiat,
2462 2100 2526 2142 se
2572 2100 2696 2143 non
2746 2079 2972 2144 tacitu-

707 2212 850 2256 rum
912 2214 1040 2256 esse
1101 2214 1180 2257 ne
1241 2192 1293 2256 si
1356 2199 1621 2258 mortem
1683 2192 1940 2278 quidem
2004 2190 2123 2256 sibi
2185 2192 2507 2255 intentent
2567 2191 2824 2256 inimici.
2889 2191 2969 2256 In

709 2303 1025 2368 comoedia
1070 2305 1224 2370 haec
1262 2305 1689 2371 immutantur
1726 2312 1804 2370 ut
1842 2307 2041 2370 risum
2079 2314 2369 2369 moveant
2406 2304 2804 2388 declaratque
2842 2307 2972 2393 ipse

710 2415 1100 2504 Dicaeopolis
1147 2441 1211 2483 se
1257 2420 1463 2505 capite
1509 2427 1738 2484 trunco
1777 2420 2076 2506 imposito
2120 2418 2283 2483 velle
2324 2419 2692 2484 concionari.
2735 2418 2970 2483 Verum

706 2530 761 2596 si
806 2533 1163 2616 quaerimus
1208 2534 1523 2617 quomodo
1571 2534 1724 2599 haec
1768 2533 2083 2598 sententia
2130 2554 2275 2597 cum
2327 2533 2721 2618 praecedenti
2758 2533 2972 2598 cohae-

709 2651 866 2725 reat,
912 2646 1154 2730 gravior
1200 2646 1402 2712 oritur
1447 2646 1801 2713 difficultas.
1843 2646 2302 2732 Unusquisque
2339 2669 2424 2712 vs.
2468 2649 2595 2710 316
2633 2646 2881 2731 legens:

1032 2758 1142 2824 κᾶν
1186 2785 1264 2839 γε
1307 2762 1394 2840 μὴ
1441 2761 1599 2840 λέγω
1647 2762 1848 2827 δίκαια
1899 2762 2056 2840 μηδὲ
2102 2762 2183 2841 τῷ
2229 2759 2448 2834 πλήθει
2495 2761 2659 2833 δοκῶ,

646 2914 649 2921 =
706 2878 1049 2958 exspectat:
1114 2883 1241 2940 tum
1301 2877 1458 2941 vobis
1512 2877 1654 2941 licet
1717 2882 1901 2940 morte
1964 2898 2052 2940 me
2111 2875 2362 2959 afficere.
2420 2874 2539 2938 Sed
2594 2873 2771 2939 aliud
2815 2872 2971 2957 quid

704 2987 1024 3070 sequitur:
1109 2995 1236 3053 tunt
1318 2990 1640 3054 orationem
1718 2990 1929 3053 habebo
2000 2987 2136 3068 ὑπὲρ
2204 2983 2489 3062 ἐπιξήνου.
2562 2986 2657 3050 Βο
2723 2985 2967 3052 duabus

650 3130 657 3159 ·.
706 3098 904 3183 igitur
965 3099 1350 3166 orationibus
1410 3124 1611 3166 sermo
1674 3109 1788 3166 est.
1855 3100 2139 3165 Alteram
2205 3100 2416 3164 statim
2478 3098 2811 3165 habiturus
2854 3108 2967 3179 est,

705 3213 968 3278 alteram
1031 3214 1353 3300 aliquanto
1416 3223 1559 3303 post
1617 3224 1684 3282 et
1729 3216 1938 3302 capite
1984 3215 2241 3301 quidem
2283 3222 2509 3279 trunco
2556 3215 2867 3302 imposito,
2917 3217 2968 3280 si
3037 3193 3044 3199 ⁸

706 3349 779 3392 ea
840 3349 1001 3413 quae
1063 3328 1129 3393 in
1179 3328 1456 3395 medium
1510 3330 1849 3417 protulerit
1896 3327 2292 3394 auditoribus
2331 3327 2783 3415 displicuerint.
2826 3327 2972 3392 Rib-

707 3439 862 3506 beck
923 3443 1133 3520 vertit,
1191 3464 1253 3529 p.
1307 3446 1434 3508 213
1481 3492 1522 3521 „
1543 3444 1702 3529 Sage
1749 3443 1852 3507 ich
1902 3441 2316 3528 ungerechtes
2361 3441 2494 3506 und
2541 3442 2822 3526 gewinne
2866 3440 2969 3506 ich

712 3552 814 3619 die
852 3553 1171 3619 Mehrheit
1206 3556 1406 3637 nicht,
1446 3579 1514 3621 so
1551 3557 1679 3622 will
1716 3556 1824 3621 ich
1863 3556 1980 3621 auf
2010 3556 2152 3621 dem
2194 3553 2566 3621 Hackblock·
2601 3554 2899 3640 sprechen
2913 3552 2972 3632 ;”

713 3667 865 3732 haec
930 3678 1144 3734 autem
1215 3672 1707 3758 interpretatur:
1788 3720 1830 3750 „
1847 3671 1953 3735 ich
2022 3670 2150 3734 will
2221 3670 2336 3735 auf
2396 3670 2536 3734 dem
2610 3666 2972 3733 Hackblock

713 3781 1030 3867 sprechen,
1079 3783 1278 3848 damit
1320 3784 1421 3849 ihr
1465 3785 1633 3850 mich
1678 3785 1898 3850 t6dten
1946 3784 2166 3865 konnt,
2214 3782 2356 3848 falls
2396 3783 2493 3848 ich
2534 3805 2598 3847 u.
2641 3807 2688 3846 s.
2730 3784 2844 3846 w.”
2872 3784 2973 3848 Sic

714 3894 1147 3960 difficultatem
1209 3897 1403 3978 tollit,
1466 3897 1575 3962 sed
1637 3898 1944 3963 mutanda
2006 3896 2318 3962 sententia
2377 3897 2573 3981 magis
2632 3918 2821 3980 quam
2883 3897 2975 3960 in-

713 4008 1132 4092 terpretanda.
1196 4009 1407 4075 Aliter
1453 4009 1748 4088 Mueller,
1797 4012 1983 4075 cuius
2028 4006 2214 4074 verba
2257 4006 2633 4073 adscribam:
2680 4057 2720 4086 „
2740 4007 2975 4073 Versus

711 4170 753 4199 „
775 4121 899 4185 317
949 4129 1014 4187 et
1060 4124 1215 4211 318,
1260 4125 1311 4188 si
1361 4132 1666 4189 commate
1714 4123 2198 4210 interpungitur
2244 4128 2384 4208 post
2429 4123 2573 4188 δοκῶ
2614 4122 2876 4210 planum
2904 4145 2975 4186 ac

712 4283 752 4313 „
771 4235 1169 4322 perspicuum
1215 4261 1469 4304 sensum
1514 4260 1644 4304 11011
1690 4236 2018 4325 praebent.
2063 4236 2390 4302 Sententia
2411 4242 2603 4302 esset:
2629 4286 2670 4316 „
2687 4236 2754 4300 Si
2777 4238 2974 4302 oratio

716 4395 758 4426 „
775 4369 931 4429 mea,
974 4373 1100 4435 qua
1138 4350 1517 4438 probaturus
1557 4375 1698 4418 sum
1720 4351 2033 4418 nonnulla
2055 4352 2124 4417 111
2147 4373 2216 4416 re
2237 4349 2426 4415 etiam
2447 4348 2966 4415 Lacedaemonios

718 4461 1071 4540 „iniuriam
1140 4467 1467 4552 accepisse,
1531 4465 1707 4532 vobis
1766 4462 2144 4553 displicebit,
2204 4469 2344 4528 tum
2392 4465 2595 4550 capite
2639 4464 2706 4528 in
2750 4470 2977 4529 trunco

717 4622 759 4654 „
775 4575 1052 4642 lanionio
1094 4579 1296 4664 podto
1340 4578 1532 4645 verba
1574 4580 1862 4646 faciam?
1912 4580 2155 4666 Aperte
2188 4578 2269 4643 de
2308 4576 2551 4665 duplici
2585 4577 2867 4643 oratione
2889 4580 2979 4644 sic
3083 4642 3096 4653 ,
