3875 5634
863 662 944 723 60
1818 678 2079 723 vasus.

817 858 922 923 Vs.
975 851 1137 922 997.
1691 856 1856 923 οὐδέν
1903 858 2024 935 εἶμ’
2070 856 2208 939 ἄρα.

904 971 1050 1036 Vid.
1114 970 1213 1035 ad.
1278 971 1639 1056 Eq.1243.
1691 969 1954 1037 Confert
1999 971 2260 1057 Bergler
2307 972 2506 1038 Andr.
2560 975 2727 1038 1077
2778 975 2888 1040 ubi
2937 976 3080 1041 cho-

815 1110 953 1152 rus:
1021 1086 1219 1167 ἔποιιρε
1278 1086 1513 1159 σαυτόν,
1576 1093 1654 1151 ut
1699 1089 1851 1167 996,
1898 1094 1966 1150 et
2013 1085 2274 1152 Peleus:
2324 1088 2488 1152 οὐδέν
2533 1088 2673 1166 εἰμ’,
2723 1089 3069 1169 ἀπωλόμην.

817 1203 961 1285 Qua
1025 1211 1233 1267 tamen
1293 1202 1755 1289 comparatione
1801 1224 1929 1268 uon
1980 1203 2267 1287 cogimur
2312 1224 2459 1267 cum
2506 1201 2868 1285 Ribbeckio,
2919 1205 3076 1270 Aah.

816 1316 980 1382 Anh.
1028 1339 1092 1403 p.
1142 1319 1291 1395 288,
1337 1316 1509 1382 hunc
1556 1316 1764 1381 locum
1812 1317 2132 1381 imitatum
2175 1339 2304 1380 esse
2341 1324 2590 1403 poetam
2630 1323 2923 1385 statuere.
2961 1317 3081 1384 Oc-

817 1436 1083 1495 currunt
1142 1430 1297 1494 talia
1359 1430 1713 1522 posim—in
1757 1431 2085 1515 tragoedia
2131 1454 2188 1494 v.
2240 1453 2292 1495 c.
2343 1429 2482 1495 Ion.
2533 1434 2681 1512 727,
2729 1432 2869 1497 Alc.
2922 1435 3072 1513 250,

818 1543 1018 1609 Andr.
1086 1545 1233 1624 717,
1295 1543 1546 1609 Heracl.
1606 1545 1756 1624 635,
1808 1543 1955 1609 Hel.
2009 1546 2201 1609 1194.
2251 1543 2553 1609 Imitatur
2598 1544 2797 1630 igitur
2841 1546 3080 1612 Aristo·

816 1658 1052 1746 phanes
1120 1659 1428 1744 tragicum
1499 1657 1797 1744 loquendi
1860 1681 2069 1737 usum,
2133 1681 2281 1738 non,
2345 1660 2584 1745 opinor,
2633 1659 2900 1726 alicuius
2945 1668 3069 1727 tra-

814 1772 1069 1858 goediae
1113 1795 1379 1838 versum.

822 1998 929 2064 Vs.
985 1990 1193 2061 1060.
1310 1994 1353 2063 ὦ
1398 1998 1594 2064 πάλαι
1638 2000 1771 2064 ποτ’
1818 1998 1981 2071 ὄντες
2029 2000 2207 2077 ἡμεῖς
2253 1996 2496 2077 ἄλκιμοι
2541 2000 2662 2064 κτέ.

907 2112 1111 2177 801101.
1159 2113 1324 2194 παρὰ
1367 2114 1465 2178 τὸς
1513 2111 1709 2177 πάλαι
1755 2114 1890 2177 ποτ’
1944 2108 2096 2186 ἦσαν
2142 2110 2387 2190 ἄλκιμοι
2427 2112 2716 2186 Μιλήσιοι.
2764 2112 2857 2178 Cf.
2903 2112 3075 2179 Plut.

824 2230 1017 2306 1002,
1069 2228 1262 2291 1075.

824 2453 930 2519 Vs.
988 2445 1195 2516 1063.
1378 2453 1506 2533 πρίν
1554 2453 1686 2517 ποτ’
1736 2448 1823 2525 ἦν,
1872 2452 2007 2533 πρὶν
2051 2457 2277 2516 ταῦτα·
2324 2456 2420 2515 νῦν
2465 2451 2517 2516 δ’

1367 2564 1596 2645 οἴχεται
1644 2566 1764 2629 κτὲ.

903 2679 1107 2745 801101.
1171 2679 1250 2744 ad
1320 2680 1512 2743 1063.
1581 2678 1852 2757 Δι’δυμές
1899 2686 2085 2761 φησιν
2130 2681 2205 2750 ὥς
2254 2677 2562 2759 παρῴδησε
2605 2684 2805 2744 ταῦτα
2853 2680 2920 2743 ἑκ
2964 2682 3076 2743 τῶν

818 2794 1232 2875 Τιμοκρέοντος
1277 2798 1380 2859 τοῦ
1429 2792 1656 2858 Ῥοδίου.
1706 2791 1936 2878 Bergk.
1986 2792 2062 2857 fr.
2116 2796 2173 2858 7.
2225 2815 2284 2877 p.
2343 2795 2531 2856 1204.

816 3019 921 3085 Vs.
978 3011 1182 3083 1074.
1234 3018 1436 3100 ῥᾳδίως
1485 3017 1602 3095 ἐγὼ
1650 3013 1887 3091 διδάξω.
1937 3015 2050 3081 κᾶν
2098 3015 2359 3093 ἄμουσος
2407 3013 2440 3096 ᾖ
2489 3018 2555 3081 τὸ
2603 3016 2745 3097 πρίν.

906 3131 1114 3197 801101.
1162 3133 1189 3196 ὅ
1236 3130 1446 3211 στίχος
1492 3130 1806 3211 Εὐριπίδου
1853 3131 1921 3195 ἐκ
1969 3129 2337 3208 Σθενεβοίας.
2392 3129 2493 3193 Fr.
2546 3132 2707 3193 666:

1986 3243 2228 3317 ποιητὴν
2278 3242 2330 3308 δ’
2387 3244 2502 3324 ἄρα

1260 3357 1448 3440 Ἔρως
1494 3358 1754 3424 διδάσκει
1804 3358 1917 3423 κᾶν
1965 3357 2227 3436 ἄμουσος
2276 3355 2310 3437 ᾖ
2356 3359 2421 3422 τὸ
2469 3358 2612 3438 πρίν.

904 3473 1075 3538 Plut.
1152 3473 1358 3559 Symp.
1426 3473 1685 3554 Quaest.
1753 3472 1785 3536 I
1849 3497 1901 3537 c.
1974 3476 2030 3537 5.
2087 3495 2149 3559 p.
2212 3474 2336 3534 4222
2385 3494 2510 3536 11011
2557 3473 2795 3546 ποιητήν
2839 3473 3074 3557 legitur

815 3589 921 3655 sed
993 3589 1274 3665 μουσικήν
1336 3595 1400 3652 et
1457 3596 1530 3652 ut
1592 3587 2011 3653 diiudicemus
2070 3587 2389 3672 quodnam
2451 3584 2708 3651 verbum
2756 3586 3072 3672 scripserit

814 3703 1145 3791 Euripides
1205 3702 1491 3789 inprimis
1553 3703 1654 3767 hic
1699 3702 1875 3767 locus
1920 3701 2251 3768 Plutarchi
2297 3700 2722 3787 inspiciendus
2767 3708 2878 3781 est,
2927 3701 3074 3785 quia

815 3840 940 3883 11011
1001 3818 1066 3882 111
1121 3818 1391 3882 transitu
1455 3838 1660 3901 neque
1724 3815 1927 3881 obiter
1990 3816 2092 3881 hic
2151 3837 2397 3879 versum
2445 3815 2665 3899 tragici
2713 3815 2920 3899 tangit
2965 3813 3071 3879 sed

816 3933 1101 3998 consulto
1148 3942 1212 3998 et
1256 3932 1475 3997 scdulo
1520 3931 1597 3997 de
1645 3954 1717 3996 00
1765 3930 2072 4018 disputat.
2123 3930 2408 4014 Rogatur
2454 3928 2654 3992 euim:

1259 4051 1391 4118 Πῶς
1437 4044 1657 4126 εἴρηται
1700 4046 1769 4111 τὸ

1522 4160 1823 4233 Μουσικὴν
1872 4157 2070 4242 (Pors.
2119 4159 2417 4241 μουσικὸν)
2467 4156 2519 4220 δ’
2565 4155 2679 4235 ἄρα

1254 4271 1442 4353 Ἔρως
1491 4273 1751 4339 διδοὶσκει
1799 4272 1912 4337 κᾶν
1961 4272 2223 4350 ἄμουσος
2272 4268 2306 4351 ᾖ
2353 4273 2419 4335 τὸ
2465 4270 2610 4350 πρίν,

816 4394 878 4449 et
923 4388 1205 4471 sequitur
1252 4387 1366 4452 hac
1412 4386 1489 4452 de
1537 4410 1603 4452 re
1652 4388 1903 4474 copiosa
1950 4386 2318 4471 disput-atie.
2368 4384 2609 4449 Dubito
2655 4393 2863 4448 tamen
2911 4404 3068 4479 num

710 4582 715 4587 .
813 4523 1023 4565 revera
1068 4503 1346 4579 μουσικήν
1391 4503 1707 4588 scripserit
1757 4499 2159 4565 Plutarchus.
2212 4497 2419 4562 Verba
2464 4498 2627 4562 enim
2667 4499 2732 4562 in
2771 4497 2893 4562 fine
2934 4520 3066 4584 cap.
