3875 5634
857 754 860 757 ’
880 749 1009 811 208
1715 766 2093 813 amu-raon
2137 767 2213 812 n.
2302 776 2309 785 ·

928 1056 988 1119 8.
1037 1054 1334 1140 Superest
1395 1062 1473 1119 ut
1532 1076 1747 1120 versus
1807 1054 1976 1119 inter
2039 1077 2104 1119 se
2150 1074 2582 1139 comparemus
2624 1052 2691 1117 in
2736 1051 2966 1136 quibus
3011 1051 3089 1116 do

834 1154 1124 1221 incendio
1169 1155 1390 1221 Troiae
1436 1156 1666 1241 agitur.

925 1254 1061 1319 Iam
1120 1256 1305 1321 initio
1349 1256 1707 1341 tragoediae
1751 1254 1904 1321 urbs
1949 1254 2165 1320 ardet.
2215 1258 2254 1320 8
2302 1253 2469 1319 πόλει
2518 1251 2553 1326 ἣ
2601 1257 2697 1317 νῦν
2743 1258 3092 1328 καπνοῦται,

842 1358 923 1420 60
993 1357 1073 1430 εἰς
1140 1353 1321 1422 οἶκτον
1383 1353 1553 1432 ἦλθες
1615 1356 1750 1439 πυρὶ
1809 1356 2339 1439 κατῃθαλωμένης,
2408 1357 2535 1420 145
2585 1354 2843 1436 τύφεται
2888 1353 3090 1430 Ἴλιον,

841 1460 966 1520 586
1033 1457 1238 1531 πόλεος
1294 1485 1337 1524 α
1395 1482 1744 1540 καπνουται,
1797 1461 1925 1523 825
1973 1484 2017 1523 α
2063 1458 2129 1524 δέ
2172 1482 2241 1522 σε
2289 1456 2617 1537 γειναμένα
2663 1480 2798 1538 πυρι
2833 1436 3093 1522 δαίεται.

840 1561 1010 1624 1079
1060 1560 1216 1636 ἐμᾶς
1264 1559 1469 1633 πόλεος
1512 1559 1800 1638 ὀλομένας
1841 1556 1926 1650 Ι
1890 1584 1967 1625 αν
2015 1560 2191 1641 πυρὸς
2227 1557 2517 1637 αἰθομένα
2560 1557 2883 1623 κατέλυσεν
2919 1556 3093 1638 ὁρμαί.

926 1657 1115 1724 Hisce
1182 1682 1481 1747 compone
1548 1682 1708 1746 quae
1773 1661 2080 1747 leguntur
2145 1662 2319 1725 1256
2387 1680 2524 1744 sqq.
2586 1657 2755 1724 Novi
2814 1658 2967 1744 quid
3029 1665 3097 1723 et

837 1759 1110 1825 inauditi
1154 1762 1405 1846 reginae
1448 1762 1646 1828 oculis
1692 1761 2010 1828 obicitur:

1198 1886 1362 1960 τίνας
1455 1903 1514 1952 .’
1564 1934 2254 1952 .......

1193 1986 1419 2052 λεύσσω
1465 1987 1738 2070 φλογέας
1782 1989 2018 2054 δαλοῖσι
2062 1986 2251 2068 χέρας

1195 2087 1623 2169 διερέσσοντας-’ς
1671 2089 1881 2168 μέλλει
1928 2088 2114 2173 Τροία

1193 2191 1384 2255 καινόν
1426 2215 1482 2255 τι
1529 2191 1708 2257 κακὸν
1751 2189 2146 2273 προσέσεσθαι.

937 2314 1304 2382 Adveniunt
1344 2317 1595 2397 milites,
1643 2319 1942 2384 mandata
1987 2322 2445 2402 exsequuntur,
2495 2322 2560 2380 et
2605 2336 2773 2379 nunc
2816 2314 3097 2380 nondum

843 2415 1159 2481 incensam
1222 2417 1440 2484 urbem
1502 2419 1667 2505 ignis
1721 2426 1944 2500 vastat,
1991 2442 2109 2484 vss.
2165 2420 2359 2496 1279,
2414 2419 2607 2497 1296,
2662 2419 2853 2498 1318,
2903 2418 3098 2495 1820,

849 2519 1039 2582 1325.
1086 2517 1321 2584 Rerum
1365 2520 1727 2586 testimonia
1771 2521 2027 2587 adsunt.
2065 2518 2244 2584 Talia
2283 2539 2490 2604 neque
2526 2516 2859 2604 Euripides
2894 2539 3102 2603 neque

843 2618 1005 2684 alius
1047 2627 1232 2706 poeta
1275 2643 1423 2687 sana
1467 2631 1679 2687 mente
1724 2622 2049 2709 praeditus
2097 2621 2480 2706 coniungere
2524 2620 2757 2706 potuit.

933 2720 1070 2785 Iam
1115 2722 1267 2788 'dixi
1326 2722 1495 2808 quod
1556 2722 1781 2789 sentio.
1842 2722 2026 2788 Duae
2086 2722 2446 2808 tragoediae
2503 2721 2569 2787 in
2617 2744 2810 2787 unam
2856 2719 3101 2786 coalue-

845 2827 1016 2903 runt,
1078 2822 1121 2886 i.
1181 2846 1235 2888 e.
1296 2822 1374 2888 ab
1432 2824 1645 2909 aliquo
1704 2824 2097 2890 diasceuasta
2157 2830 2457 2890 consutae
2517 2832 2689 2905 sunt,
2753 2822 2922 2909 quod
2969 2823 3093 2888 iam

845 2924 1296 3009 antiquissimis
1338 2924 1725 3013 temporibus
1768 2926 2007 2991 factum
2053 2949 2186 2991 esse
2233 2948 2485 2992 necesse
2537 2932 2652 2990 est.

935 3025 1081 3089 Sine
1125 3023 1317 3090 dubio
1359 3027 1471 3091 ille
1508 3027 1781 3113 plurima
1820 3028 2097 3092 mutavit
2134 3035 2210 3092 ut
2244 3026 2506 3093 disiecta
2529 3024 2884 3092 fabularum
2912 3047 3101 3091 mem·

847 3124 959 3191 bra
993 3132 1317 3212 utcunque
1354 3135 1769 3209 connecteret,
1808 3128 2147 3214 prologum
2187 3128 2449 3194 fortasse
2473 3135 2538 3191 et
2562 3150 2678 3192 vss.
2707 3127 3097 3205 seo-8833

849 3234 1018 3293 certa
1084 3250 1226 3294 vero
1285 3229 1435 3295 haec
1492 3228 1816 3295 videntur:
1879 3229 1934 3294 I.
1997 3228 2077 3294 In
2137 3230 2419 3315 genuino
2467 3227 2776 3293 Troadum
2825 3227 3101 3292 dramate

849 3352 978 3395 non
1021 3329 1394 3416 legebantur
1439 3355 1556 3396 vss.
1611 3334 1780 3396 1256
1821 3353 2026 3416 usque
2065 3330 2145 3396 ad
2183 3332 2392 3396 finem.
2436 3329 2529 3395 II.
2570 3328 2719 3395 Non
2757 3335 2911 3395 sunt
2945 3329 3105 3393 eius-

797 3467 801 3471 ·
850 3430 992 3496 dem
1054 3431 1348 3498 dramatis
1400 3456 1519 3498 vss.
1570 3435 1919 3498 860-883
1972 3437 2037 3498 et
2084 3434 2504 3498 890-1059.
2552 3430 2641 3496 Hi
2686 3454 2903 3497 versus
2943 3430 3105 3516 frag·

851 3539 1135 3598 mentum
1180 3557 1309 3599 esse
1353 3534 1649 3600 videntur
1693 3534 1949 3599 maioris
1993 3534 2280 3620 episodii‚
2328 3533 2397 3599 in
2445 3555 2570 3618 quo
2608 3531 2938 3598 Menelaus
2968 3553 3106 3618 pro-

853 3632 1031 3699 dibat
1074 3657 1200 3701 non
1246 3636 1564 3701 saevitiam
1611 3635 1918 3701 simulans
1959 3634 2068 3699 sed
2105 3635 2379 3722 perfidae
2419 3634 2631 3700 uxoris
2671 3633 2871 3700 scelus
2893 3654 3106 3698 revera

853 3757 968 3800 sua
1024 3736 1221 3823 ipsius
1278 3736 1531 3803 ulturus
1574 3759 1785 3818 manu,
1833 3737 1946 3821 qui
1992 3743 2207 3801 tamen
2257 3743 2336 3799 ut
2381 3734 2546 3800 dixit
2589 3734 2898 3821 Lampito,
2948 3731 3103 3817 Lys.

860 3838 1007 3917 155,
1051 3840 1164 3912 τᾶς
1209 3837 1461 3912 Ἑλένας
1505 3837 1588 3903 τοὶ
1634 3842 1814 3917 μᾶλα
1859 3843 2103 3917 γυμνοῖς
2150 3837 2477 3918 παραϊδὼν,
2517 3833 2773 3914 ἐξέβαλε
2808 3835 2873 3900 τὸ
2912 3831 3106 3912 ξίφος.

948 3938 1268 4020 Quaenam
1313 3947 1526 4006 autem
1570 3939 1891 4026 tragoedia
1936 3961 2081 4004 cum
2128 3935 2480 4003 Troadibus
2527 3937 2829 4002 coaluerit
2875 3934 3111 4001 coniec-

856 4046 1004 4106 tura
1047 4042 1290 4126 assequi
1335 4064 1460 4107 non
1507 4062 1691 4126 que0.

951 4261 1129 4350 Quae
1189 4263 1446 4354 exposui
1504 4263 1629 4333 alio
1690 4260 1971 4332 eiusdem
2017 4262 2566 4332 contaminationis
2611 4261 2888 4350 exemplo
2932 4260 3108 4329 illus-

858 4369 1013 4434 trari
1056 4377 1337 4455 possunt.
1382 4369 1561 4435 Idem
1607 4368 1773 4434 enim
1820 4367 1992 4453 quod
2037 4364 2406 4448 Troadibus,
2472 4365 2593 4431 nisi
2638 4365 2845 4444 fallor,
2883 4363 3109 4429 accidit

860 4466 1233 4552 Phoenissis,
1278 4471 1356 4536 de
1401 4469 1633 4556 quibus
1676 4492 1877 4556 pauca
1920 4467 2148 4535 addere
2195 4467 2407 4533 liceat.

951 4569 1087 4636 Iam
1130 4571 1448 4658 Hartung,
1492 4570 1648 4636 Eur.
1695 4571 1971 4636 restitut.
2011 4569 2047 4634 I
2085 4592 2147 4656 p.
2190 4571 2322 4634 423
2361 4570 2714 4655 suspicatus
2750 4572 2846 4632 est
2866 4565 3105 4631 Phoen.
