3875 5634
841 753 991 816 214
1683 766 2062 814 mmmmm
2106 768 2205 813 111.

905 1033 1137 1098 Insunt
1182 1032 1345 1097 libro
1389 1029 1746 1097 fabularum
1792 1032 2127 1111 nonnulla,
2168 1055 2243 1097 ex
2286 1031 2517 1117 quibus
2554 1033 2854 1119 suspicari
2878 1036 3074 1121 possis

813 1157 958 1200 eum
1003 1135 1305 1220 scriptum
1352 1157 1485 1199 esse
1531 1156 1569 1197 a
1613 1134 1747 1199 viro
1796 1133 2037 1198 Graeco
2082 1133 2340 1219 linguae
2386 1133 2653 1198 Latinae
2702 1156 2922 1220 parum
2971 1159 3074 1223 pe-

816 1238 957 1315 rit0,
1018 1259 1075 1300 v.
1138 1259 1190 1301 c.
1256 1234 1513 1300 verbum
1576 1234 2148 1314 ,‚0ommeletando‚”
2210 1235 2252 1300 i.
2313 1257 2368 1299 e.
2418 1241 2697 1316 μελετᾶν,
2743 1234 2867 1300 fab.
2923 1240 3069 1317 165,

696 1338 705 1344 ’
816 1346 880 1403 et
937 1340 1210 1416 „leonem
1267 1337 1589 1413 atrotum’'‚
1634 1334 1761 1400 fab.
1812 1338 1931 1414 303
1984 1346 2050 1400 at
2096 1358 2251 1421 quos
2295 1337 2652 1400 notavimus
2698 1358 2934 1402 errores
2980 1338 3065 1403 fa·

814 1438 998 1505 cilius
1044 1438 1352 1523 explicare
1395 1458 1728 1523 possumus
1765 1443 2116 1502 statuentes
2154 1437 2393 1502 Graeca
2431 1436 2509 1501 ab
2534 1437 2784 1504 indocto
2809 1439 3058 1505 homine
3110 1480 3117 1485 -

814 1563 988 1604 versa
1045 1539 1144 1603 vel
1203 1546 1491 1624 excerpta
1549 1560 1704 1603 esse.
1764 1537 2214 1625 Interpolatori
2276 1538 2564 1618 debetur,
2628 1547 2705 1603 ut
2767 1541 3072 1606 indicavit

815 1640 1113 1713 Schmidt,
1177 1640 1453 1726 ineptior
1516 1640 1706 1704 etiam
1768 1662 1939 1704 error
1995 1638 2117 1704 fab.
2168 1643 2338 1705 192:
2393 1643 2515 1720 „ob
2558 1664 2797 1726 eamque
2840 1666 2958 1707 rem
3004 1647 3076 1708 ele

813 1745 981 1806 choro
1036 1764 1296 1806 sororum
1348 1744 1592 1824 expulsa
1654 1739 1954 1824 (Electra)
2020 1764 2277 1805 moerens
2333 1743 2550 1806 crinem
2595 1744 2849 1807 colatum
2893 1745 3072 1825 yerit.

814 1866 964 1927 quae
1019 1852 1256 1907 cometes
1299 1845 1664 1925 appellatur,
1708 1844 1830 1907 sive
1873 1845 2143 1924 lonyodes
2192 1842 2281 1923 (in
2332 1841 2578 1906 Graeco
2624 1841 2783 1907 libro
2828 1845 3073 1924 λογχῶ-

815 1943 920 2018 zm
985 1941 1358 2027 legebatur),
1425 1945 1531 2028 qui
1589 1945 1655 2004 in
1716 1945 2142 2025 lonqitudinem
2198 1944 2570 2026 producitur,
2630 1945 2753 2008 sire
2812 1945 3070 2027 oeipkias,

690 2072 705 2143 ⁹.
813 2045 956 2131 quia
995 2046 1190 2126 yladii
1233 2045 1526 2109 mucronis
1570 2045 1813 2128 effiqkm
1853 2043 2195 2127 produc-&3³

902 2241 1076 2306 Idem
1124 2241 1583 2307 observandum
1629 2248 1727 2306 est
1772 2240 1848 2305 de
1893 2241 2019 2306 alio
2066 2242 2177 2326 qui
2222 2240 2462 2328 Hygini
2512 2244 2764 2308 nomine
2812 2244 3072 2308 circum-

814 2344 1023 2408 fertur
1087 2342 1268 2423 libro,
1339 2342 1594 2408 Poetico
1662 2344 2119 2408 AstronomicO.
2180 2343 2321 2409 Lib.
2384 2343 2457 2408 ΙΙ
2513 2367 2567 2409 c.
2637 2347 2713 2408 18
2777 2352 3069 2409 narratur

814 2443 1070 2509 historia
1133 2444 1639 2530 Bellerophontis
1699 2452 1765 2509 et
1817 2446 2082 2510 victoria
2135 2466 2324 2529 quam
2373 2470 2407 2509 e
2455 2444 2777 2510 Chimaera
2823 2446 3064 2511 ret-ulit.

814 2544 1181 2629 Sequuntur
1226 2546 1410 2611 haec:
1456 2596 1496 2625 ‚,
1531 2548 1699 2611 Unde
1741 2548 1930 2611 victor
1958 2549 2338 2633 profuqiens,
2381 2556 2512 2630 post
2546 2549 2741 2626 fontis
2790 2550 3072 2612 inventio-

814 2670 994 2726 „nem
1040 2672 1167 2712 cum
1211 2651 1297 2711 ad
1336 2650 1552 2712 coelum
1587 2650 1962 2712 contenderet
1992 2651 2222 2713 evolare
2251 2671 2435 2733 neque
2471 2651 2637 2731 lonqe
2674 2651 2793 2713 iam
2826 2652 3067 2729 abesset,

814 2750 1190 2831 „despiciens
1258 2750 1323 2813 in
1383 2758 1626 2828 terram,
1686 2749 1891 2814 timore
1943 2758 2243 2832 permotus
2297 2752 2536 2830 decidet,
2596 2752 2787 2835 ibique
2826 2753 3073 2834 periisse

812 2850 1111 2927 „divitum
1158 2873 1368 2935 equum
1411 2858 1606 2915 autem
1647 2851 1984 2916 subvolasse
2025 2859 2084 2915 et
2129 2852 2289 2915 inter
2329 2852 2526 2916 sidera
2571 2855 2645 2917 ab
2678 2853 2822 2917 Jove
2856 2854 3067 2917 consti·

811 2959 1042 3028 „tutus
1083 2951 1522 3016 ε.ιετέιίηιαιιιν.υ
1563 2950 1744 3032 Quae
1767 2952 1820 3016 si
1842 2950 2306 3038 perpendimus,
2330 2974 2458 3017 non
2481 2974 2678 3037 pauca
2701 2959 2872 3032 sunt,
2898 2974 3060 3038 quae

811 3051 1142 3116 offendant.
1199 3102 1240 3132 „
1261 3054 1469 3138 Equus
1504 3052 1909 3133 subvolavit'’;
1942 3060 2011 3117 at
2048 3053 2127 3118 de
2165 3075 2327 3138 equo
2367 3051 2647 3118 nondum
2686 3075 2887 3118 sermo
2935 3053 3067 3117 fue·

809 3159 924 3218 rat.
962 3152 1216 3218 Titulus
1252 3176 1384 3239 cap.
1433 3156 1514 3219 18
1541 3162 1673 3219 est:
1703 3155 1945 3239 Equum
1969 3161 2037 3218 at
2061 3175 2296 3238 equum
2320 3154 2562 3219 alatum
2593 3153 3069 3240 Bellerophonti

809 3254 997 3319 fuisse
1044 3254 1354 3339 illumque
1400 3254 1518 3319 hoc
1563 3276 1727 3338 equo
1777 3262 2028 3319 vectum
2075 3255 2267 3319 fuisse
2313 3277 2438 3320 non
2480 3262 2880 3320 memoratur.
2920 3254 3060 3319 Imo

808 3377 1034 3421 nomen
1056 3355 1280 3440 Pegasi
1302 3357 1368 3420 in
1391 3357 1616 3441 capitis
1638 3364 1815 3441 parte
1840 3377 2002 3440 quae
2035 3356 2111 3421 de
2142 3355 2622 3443 Bellerophonte
2651 3358 2806 3442 agit,
2831 3356 3066 3421 frustra

810 3477 1087 3540 quaeres.
1150 3457 1298 3520 Alia
1355 3467 1569 3522 narrat
1626 3457 1914 3544 scriptor,
1961 3480 2046 3522 sc.
2095 3456 2641 3543 Bellerophontem
2687 3456 2767 3521 ad
2812 3456 3059 3522 coelum

808 3557 1194 3622 contendisse
1238 3557 1483 3622 evolare
1527 3566 1716 3641 „post
1744 3559 1961 3645 fontis
1997 3558 2449 3623 inventionem.”
2490 3561 2575 3623 At
2610 3558 2791 3623 cuius
2825 3556 3063 3622 fontis?

807 3656 1041 3737 Fontis,
1110 3659 1220 3743 qui
1280 3660 1347 3723 in
1408 3657 1714 3724 Helicone
1776 3657 2000 3744 Pegasi
2058 3659 2301 3745 ungula
2360 3668 2617 3745 apertus
2666 3658 2807 3724 est?
2855 3662 2944 3723 At
2988 3658 3057 3722 in

736 3761 746 3773 “
808 3757 997 3844 Lycia
1054 3768 1186 3824 erat
1244 3759 1688 3846 Bellerophon,
1751 3767 1830 3824 ut
1873 3760 2007 3847 ipse
2051 3763 2317 3845 scriptor
2362 3767 2593 3825 monet.
2646 3760 2732 3824 Et
2777 3759 2930 3845 quid
2982 3781 3077 3825 re-

808 3860 930 3925 fert
977 3883 1120 3925 eum
1162 3870 1295 3945 post
1324 3865 1538 3948 sontis
1580 3863 1976 3927 inventionem
2019 3861 2262 3926 coelum
2299 3862 2598 3946 petiisse?
2635 3860 2807 3925 Haec
2845 3860 3053 3924 omnia

807 3968 935 4026 tam
997 3961 1264 4028 absurda
1322 3974 1474 4028 sunt
1522 3973 1597 4028 ut
1643 3962 1940 4047 explicari
1989 3971 2328 4047 nequeant.
2383 3961 2689 4027 Welcker.
2740 3960 2848 4025 Gr.
2897 3969 3058 4046 trag.

807 4061 879 4126 II
946 4086 1005 4149 p.
1074 4068 1233 4131 787:
1281 4064 1603 4143 „Dunkel
1647 4066 1732 4129 ist
1776 4062 1989 4149 Hygin
2037 4064 2079 4128 l.
2126 4063 2167 4128 l.
2221 4064 2404 4128 Unde
2455 4064 2649 4128 victor
2695 4063 3058 4149 profugiens

807 4174 1007 4249 „post
1069 4165 1260 4229 fontis
1319 4166 1750 4231 inventionem
1812 4173 1929 4229 cet.
1978 4164 2065 4229 Es
2111 4165 2356 4230 scheint
2401 4163 2549 4229 aber
2593 4163 2761 4228 diese
2808 4164 2923 4229 auf
2961 4165 3066 4228 ein

804 4263 1348 4342 „Katasterismos
1393 4266 1845 4350 eingerichtete
1891 4264 2080 4330 Form
2129 4266 2238 4331 der
2284 4264 2645 4351 Erzfihluug
2692 4264 2888 4330 sehon
2934 4264 3065 4329 die·

808 4363 1031 4441 „selbe
1091 4366 1312 4431 elende
1371 4367 1694 4452 Allegorie
1755 4389 1834 4430 zu
1884 4364 2192 4452 befolgen,
2242 4366 2490 4431 wonach
2540 4365 2637 4431 bei
2686 4366 3063 4451 Fulgentius

807 4513 848 4543 „
870 4464 975 4529 III
1029 4469 1060 4529 1
1111 4466 1388 4553 Pegasus
1431 4468 1569 4534 fons
1614 4474 1912 4533 aeternus
1958 4470 2073 4546 ist;
2121 4467 2438 4554 Sapientia
2483 4469 2646 4533 enim
2687 4467 2886 4533 bonae
2925 4490 3068 4533 con·

805 4614 846 4644 „
866 4567 1229 4634 saltationis
1272 4577 1568 4636 aeternus
1613 4570 1754 4634 fons
1802 4570 1964 4635 est-.'’
