3875 5634
930 635 1026 697 '64
1894 652 2152 697 vasmz.

897 830 1285 909 vagarentur.
1334 822 1533 887 Docet
1577 823 1692 888 hoc
1738 824 1892 888 Eur.
1932 823 2106 910 Cycl.
2152 827 2301 891 203.
2344 826 2615 908 Silenus,
2654 829 2800 895 vino
2823 828 2902 895 ab
2929 830 3154 917 Ulyxe

893 944 1165 1024 accepto,
1225 935 1429 1001 laetus
1490 937 1670 1016 bibit,
1732 939 1922 1024 satyri
1983 961 2129 1004 oves
2173 963 2297 1006 non
2347 949 2593 1021 curant,
2643 943 2986 1010 intervenit
3034 945 3159 1032 Cy-

893 1052 1064 1138 clops
1111 1049 1444 1137 obiurgans
1490 1074 1628 1117 eos:

1332 1164 1535 1248 ἄνεχε,
1582 1168 1835 1250 πάρεχε,
1879 1169 1944 1233 τί
1985 1169 2165 1245 niza
2214 1172 2304 1243 τίς
2352 1171 2387 1245 ἦ
2433 1173 2726 1255 ῥᾳθυμίας

1333 1281 1396 1345 τί
1434 1281 1843 1363 βακχιάζετ”;
1890 1281 2035 1364 οὐχὶ
2084 1284 2358 1357 Διόνυσος
2403 1284 2570 1351 τάδε.

977 1392 1500 1480 Indignabundus
1537 1406 1601 1459 et
1649 1396 1907 1462 mordax
1955 1394 2144 1461 verba
2187 1398 2426 1484 profert
2460 1420 2621 1483 quae
2664 1398 2860 1466 Sileni
2885 1383 3151 1487 gaudio,

885 1510 964 1590 τῷ
1010 1508 1390 1589 βακχιάζειν,
1438 1532 1714 1596 congrua
1759 1518 1932 1591 sunt,
1983 1533 2272 1597 quaeque
2311 1512 2546 1598 optime
2583 1513 3048 1600 intelleguntur
3094 1517 3148 1581 si

884 1624 962 1689 iis
1020 1623 1451 1711 componimus
1512 1625 1793 1691 convicia
1855 1625 2142 1691 monachi
2204 1626 2269 1690 in
2317 1625 2604 1691 Schilleri
2649 1627 2930 1694 dramate
2977 1627 3150 1695 Wal-

882 1737 1177 1804 lensteins
1212 1736 1449 1824 Isager:

1282 1852 1493 1934 Heisa,
1540 1854 1582 1919 J
1586 1855 1920 1921 achheisa!
1969 1855 2477 1930 Dudeldumdei!

1281 1968 1410 2035 Das
1455 1970 1611 2056 geht
1651 1971 1719 2057 ja
1765 1970 1929 2036 hoch
1981 1970 2110 2035 her.
2161 1970 2282 2037 Bin
2329 1971 2493 2037 auch
2538 1970 2739 2037 dabei.

969 2082 1338 2148 Hauserunt
1402 2084 1600 2169 igitur
1668 2084 2008 2170 Euripides
2075 2093 2139 2148 et
2209 2085 2661 2172 Aristophanes
2728 2109 2763 2150 e
2821 2087 3143 2152 communi

878 2195 1050 2261 fonte
1068 2223 1085 2275 3
1146 2197 1322 2263 illius
1365 2197 1551 2263 verba
1598 2198 1699 2264 hic
1743 2222 1868 2264 non
1918 2200 2219 2286 expressit
2264 2210 2328 2263 et
2377 2199 2610 2265 iniuria
2654 2199 2770 2265 hoc
2813 2198 3129 2266 Troadum

875 2309 1013 2375 loco
1070 2332 1220 2376 usus
1264 2320 1359 2376 est
1403 2312 1743 2390 Brentano‚
1806 2314 2331 2397 Unlersuchunyen
2379 2316 2549 2379 weber
2590 2317 2702 2379 das
2752 2316 2860 2379 Gr.
2910 2317 3136 2395 drama,

882 2427 1071 2506 1871,
1114 2448 1175 2513 p.
1229 2430 1376 2508 195,
1427 2436 1504 2491 ut
1550 2450 1728 2492 suam
1776 2427 2055 2492 firmaret
2094 2428 2513 2492 coniecturam
2553 2427 2628 2492 de
2668 2426 2891 2514 Vespis
2936 2450 2970 2492 e
2993 2427 3142 2493 dua-

877 2538 993 2604 bus
1038 2538 1266 2606 fabulis
1312 2542 1690 2628 compositis.

838 2698 850 2707 -
963 2656 1195 2721 Avium
1240 2680 1326 2721 vs.
1381 2659 1549 2723 1720
1598 2679 1745 2722 cum
1789 2657 1906 2722 hoc
1949 2657 2086 2722 loco
2131 2658 2291 2722 nihil
2338 2678 2667 2722 commune
2713 2655 2923 2721 habet.

874 2880 979 2947 Vs.
1035 2875 1241 2950 1397.
1291 2893 1398 2959 τῆς
1443 2885 1843 2963 Ἀγκυλίωνος
1893 2883 2206 2965 θυγατέρος
2252 2884 2356 2949 καὶ
2404 2883 2776 2965 Σωστράτης.

961 2998 1294 3080 Θυγατέρος
1359 2998 1558 3063 forma
1618 3004 1715 3063 est
1775 2999 2034 3084 tragica.
2104 2996 2395 3065 Ridicule
2458 2997 2684 3063 mulier
2738 3020 2902 3083 quae
2948 3021 3139 3084 panes

870 3112 1154 3177 venditat
1212 3112 1498 3197 loquitur
1552 3120 1629 3177 ut
1690 3112 1821 3176 filia
1881 3112 2074 3205 regia,
2134 3135 2296 3198 quae
2356 3111 2536 3176 claris
2593 3111 2956 3197 parentibus
3007 3112 3141 3198 glo-.

868 3226 1085 3291 rietur.
1133 3224 1226 3291 Cf.
1273 3225 1460 3292 verba
1506 3225 1814 3305 Pheretis,
1862 3226 2003 3291 Alc.
2058 3227 2207 3290 677.

872 3451 978 3517 Vs.
1034 3446 1239 3516 1412.
1736 3452 1844 3520 καὶ
1891 3454 1966 3519 σὺ
2012 3455 2080 3529 δή
2132 3479 2250 3533 μοι,
2300 3456 2626 3536 Χαιρεφῶν,

1332 3567 1569 3645 γυναικὶ
1617 3567 1921 3641 κλητεύειν
1968 3569 2161 3640 ἐοικὼς
2208 3568 2447 3649 θαψίνῃ,

1334 3683 1474 3748 Ἰνοῖ
1510 3682 1857 3764 κρεμαμένῃ
1904 3684 2045 3764 πρὸς
2094 3683 2282 3748 ποδῶν
2329 3682 2669 3763 Εὐριπίδου.

957 3796 1131 3861 Haec
1176 3819 1300 3861 non
1344 3796 1646 3883 intellego
1694 3797 1943 3861 etiamsi
1990 3819 2137 3862 cum
2173 3797 2320 3862 viris
2366 3796 2565 3861 doctis
2603 3794 2897 3870 κλητεύων
2937 3794 3126 3869 ἔοικας

865 3910 1118 3997 legitur.
1189 3910 1419 3996 Neque
1486 3918 1932 3996 argumentum
2003 3910 2274 3989 fabulae,
2346 3931 2550 3994 neque
2618 3908 2854 3975 scholia
2922 3909 3128 3975 lucem

861 4025 1151 4091 afferunt.

953 4142 1419 4225 Argumentum
1475 4139 1768 4205 novimus
1831 4162 1906 4202 ex
1954 4137 2191 4225 Hygini
2238 4137 2360 4203 fab.
2410 4136 2524 4228 lv,
2574 4160 2732 4223 quae
2777 4136 2895 4202 Ino
2942 4136 3125 4202 Euri·

857 4252 1020 4339 pidis
1080 4253 1444 4319 inscribitur
1503 4260 1568 4317 et
1626 4253 1778 4319 haec
1841 4251 2064 4318 habet:
2129 4255 2480 4333 „Athamas
2527 4253 2593 4317 in
2651 4253 2954 4318 Thessalia
3004 4274 3132 4333 rer,

856 4391 986 4432 cum
1050 4369 1286 4433 Inonem
1353 4391 1584 4433 uxorem
1646 4392 1719 4433 ec·
1778 4392 1899 4454 qua
1959 4371 2105 4433 duos
2154 4369 2326 4454 filios
2353 4414 2550 4435 .....
2594 4369 2813 4451 perisse
2841 4373 3114 4451 putaret,

852 4482 1047 4563 duxit,
1108 4484 1396 4569 nymphae
1419 4489 1516 4565 (Ρ)
1549 4483 1759 4568 filiam
1814 4483 2234 4548 Themistonem
2277 4503 2529 4562 uxorem,
2574 4503 2647 4546 eac
2694 4504 2813 4566 qua
2854 4481 3110 4565 ,φωκέων
