3875 5634
1592 703 2308 750 msuornoauzusm.
2895 687 3021 750 123

825 883 935 942 tur
998 874 1378 940 Scholiastae
1439 873 1544 939 cui
1590 872 1835 947 πλάτας
1882 872 1950 938 111
1996 872 2318 957 tragoedia
2364 873 2609 958 saepius
2653 876 2796 945 ναῦς
2839 872 3070 957 signifi·

825 1013 964 1056 care
1023 995 1245 1054 notum
1306 994 1459 1053 erat.
1525 985 1712 1069 Quod
1772 986 1833 1051 h.
1900 1009 1959 1051 v.
2024 985 2263 1071 legitur
2307 986 2373 1050 in
2420 986 2556 1051 cod.
2604 986 2666 1050 οὐ
2709 984 2962 1066 πάρεισιν
3007 985 3071 1049 αἱ

802 1097 1057 1168 ’πλάται
1123 1124 1249 1166 11011
1319 1123 1475 1187 opus
1537 1107 1633 1164 est
1692 1122 1836 1166 cum
1897 1099 2216 1165 Brunckio
2278 1106 2342 1163 et
2385 1098 2576 1164 Dind.
2623 1100 2691 1163 in
2735 1100 2797 1164 οὐ
2844 1098 3076 1181 πάρεισί

825 1239 924 1294 μοι
971 1213 1203 1280 πλάται
1249 1222 1511 1295 mutare,
1561 1236 1704 1278 cum
1750 1213 1816 1278 αι’
1859 1212 2094 1278 πλάται
2137 1219 2301 1298 post.
2355 1212 2466 1285 τάς
2517 1212 2760 1285 πλάτας
2809 1234 2896 1277 vs.
2943 1212 3066 1277 770

822 1329 967 1394 ferri
1012 1328 1220 1415 possit.
1526 1326 1530 1331 ’

916 1441 1123 1508 Verba
1181 1464 1374 1523 χωρει,
1435 1464 1607 1523 χωρει
1666 1465 1754 1507 vs.
1812 1443 1939 1506 782
1989 1440 2099 1506 alii
2145 1440 2329 1506 aliter
2374 1440 2868 1526 interpretantur
2883 1467 2902 1520 3
2948 1439 3072 1526 ple·

825 1559 1003 1646 rique
1070 1557 1511 1644 imperativum
1573 1579 1702 1621 esse
1771 1557 2157 1620 existimant.
2224 1555 2542 1620 Fritsche:
2591 1604 2631 1633 ‚,
2650 1553 3071 1619 Mnesilochus

824 1721 865 1751 ‚‚
884 1670 1231 1737 simulacris
1276 1670 1426 1735 haec
1472 1670 1865 1755 potissimum
1911 1668 2099 1735 verba
2146 1668 2483 1755 insculpsit
2527 1669 2836 1750 Εὐριπίδη,
2876 1668 3069 1749 χώρει,

823 1834 865 1864 ,,
882 1785 1075 1867 χώρει,
1136 1785 1297 1863 veui,
1345 1784 1486 1848 veni
1531 1782 1927 1870 Euripide3.’'
1977 1782 2109 1847 Alii
2155 1805 2301 1847 cum
2342 1780 2560 1847 Vossio
2610 1780 2882 1846 cultrum
2927 1779 3073 1845 allo·

825 1899 933 1988 qui
997 1896 1455 1963 Mnesilochum
1513 1898 1851 1992 opinantur
1912 1904 2006 1960 et:
2065 1946 2106 1975 „
2127 1895 2270 1960 Zieh
2318 1895 2465 1974 fort,
2512 1894 2657 1959 Zieh
2702 1894 2896 1960 fortl'’
2944 1917 3071 1959 ver·

823 2020 993 2079 tunt.
1041 2011 1354 2078 Ribbeck:
1399 2011 1661 2091 „Rasch
1707 2011 1850 2076 her!
1901 2010 2081 2075 rasch
2120 2009 2264 2075 her!
2307 2009 2387 2074 Ja
2426 2009 2632 2075 wohin
2661 2010 2827 2075 denn
2850 2031 2982 2074 nun
3001 2008 3070 2072 ?’'

822 2125 1053 2192 Nonne
1123 2148 1267 2191 vero
1328 2130 1601 2212 praestat
1663 2123 2049 2190 Ravennatis
2110 2123 2443 2189 lectionem
2505 2130 2703 2205 χωρεῖ,
2751 2129 2939 2204 χωρεῖ
2976 2122 3069 2188 in-
3194 2186 3201 2194 ,

825 2248 1055 2306 tactam
1103 2240 1457 2328 relinquere
1504 2246 1568 2303 et
1611 2247 1799 2321 χωρεῖ
1838 2238 1971 2303 scil.
2019 2237 2254 2320 τοῦργον
2301 2237 2743 2324 interpretari?
2792 2236 2884 2301 Cf.
2924 2236 3067 2302 Pac.

827 2356 910 2419 47
919 2358 980 2434 3,
1034 2356 1181 2419 510.

917 2469 1236 2551 Quosnam
1283 2469 1345 2533 h.
1393 2468 1436 2533 1.
1480 2490 1693 2533 versus
1739 2492 1772 2532 e
1819 2466 2157 2533 Palamede
2204 2466 2611 2553 depromserit
2658 2467 2766 2530 Ar.
2810 2488 2934 2531 non
2979 2467 3069 2531 in-

824 2583 1052 2648 dicavit
1103 2581 1343 2665 Schol.;
1388 2583 1643 2648 fortasse
1693 2605 1809 2647 vsS.
1865 2584 2016 2663 776,
2072 2582 2193 2648 777
2245 2587 2310 2645 et
2361 2583 2507 2646 780.
2550 2579 2811 2644 Βάσκετε
2845 2579 3072 2645 Home·

821 2697 1024 2762 ricum
1068 2703 1182 2761 est.

913 2809 1016 2874 Ad
1086 2810 1209 2874 775
1277 2807 1518 2894 Enger:
1575 2807 1783 2888 „Sine
1842 2808 2038 2874 dubio
2097 2806 2422 2895 Euripidis
2467 2829 2710 2873 versum
2762 2808 3069 2895 quendam

821 2922 1047 3003 „ridet
1112 2921 1266 2988 Ar.'’
1329 2921 1563 2987 Melius
1621 2921 1934 2987 Fritsche:
1999 2920 2487 3001 „Mnesilochus
2546 2921 2802 2985 deorum
2859 2922 3072 3007 imagi·

821 3060 993 3116 „nes
1019 3085 1211 3101 .....
1272 3037 1552 3122 proiecit,
1601 3043 1676 3100 ut
1720 3035 2016 3123 Euripidi
2062 3037 2283 3122 dignas
2330 3036 2634 3122 Euripide
2679 3037 2891 3100 mittat
2932 3035 3071 3102 lite·

822 3152 1039 3229 „ras.”
1126 3150 1452 3237 Significat
1528 3151 1978 3238 Aristophanes
2044 3149 2337 3237 Euripidi
2406 3150 2596 3215 talem
2664 3151 3068 3237 impietatem,

822 3265 1028 3352 qualis
1078 3265 1266 3330 etiam
1313 3263 1616 3351 Diagorae
1661 3265 1786 3330 fuit
1831 3264 2059 3351 (Schol.
2106 3263 2284 3329 Nub.
2337 3266 2510 3349 830),
2558 3271 2794 3349 gratam
2841 3287 2990 3329 esse.

825 3489 931 3555 Vs.
983 3482 1146 3555 810.
1219 3487 1394 3562 οὕτως
1440 3491 1615 3568 ἡμεῖς
1659 3489 1811 3554 πολὺ
1857 3490 2129 3569 βελτίους
2175 3492 2289 3553 τῶν
2334 3489 2548 3571 άνδρῶν
2593 3489 2867 3568 εὐχόμεθ’
2906 3484 3063 3554 εἶναι.

912 3602 1005 3694 Cf.
1055 3602 1241 3668 Hom.
1290 3602 1370 3666 11.
1418 3601 1516 3666 IV
1563 3606 1714 3668 405.

822 3827 932 3894 Vs.
982 3820 1144 3891 855.
1217 3827 1428 3893 Νείλου
1474 3827 1583 3904 μὲν
1629 3824 1700 3892 αἶ’
1705 3827 1768 3892 δε
1812 3826 2258 3908 καλλιπάρθενοι
2305 3826 2448 3909 ῥοαὶ,

1220 3941 1280 4016 ὃς
1327 3942 1465 4007 άντὶ
1512 3941 1640 4014 δίας
1686 3942 1962 4023 ψακάδος
2010 3941 2320 4020 Αἰγύπτου
2370 3942 2540 4007 πέδον

1217 4063 1429 4129 λευκῆς
1469 4054 1671 4136 νοτίζει
1717 4055 2224 4136 μελανοσύρμαιον
2271 4056 2433 4120 λεών.

906 4169 1058 4235 Eur.
1128 4168 1402 4234 Helenae
1449 4168 1793 4248 exordium,
1842 4167 1955 4233 ubi
1999 4177 2212 4233 tamen
2258 4192 2346 4233 νε.
2400 4169 2438 4231 3
2485 4169 2574 4233 sic
2618 4168 2884 4254 legitur:
2932 4184 3066 4234 λευ-

822 4292 929 4358 κῆς
973 4282 1253 4356 τακείσης
1297 4282 1488 4362 χιόνος
1535 4282 1783 4363 ὑγραίνει
1829 4281 2004 4360 γύας.
2056 4280 2152 4346 Ib.
2199 4304 2285 4346 vs.
2340 4285 2377 4343 2
2417 4280 2713 4366 Hartung
2751 4289 2814 4344 et
2839 4280 3068 4347 Nauck

821 4418 934 4484 pro
993 4396 1165 4461 πέδον
1214 4395 1386 4460 πέδου
1431 4394 1671 4481 legunt.
1714 4394 1832 4460 Est
1873 4396 2129 4459 omnino
2176 4393 2430 4459 insolita
2474 4394 2703 4459 dictio:
2752 4394 3058 4472 Αἰγύπτου

820 4511 991 4576 πέδον
1038 4508 1317 4590 ὑγραίνειν
1361 4508 1552 4589 γύας;
1597 4508 1758 4573 nihil
1804 4516 2020 4574 tamen
2066 4509 2131 4573 in
2179 4507 2485 4594 Euripide
2524 4507 2895 4572 mutandum
2938 4530 3069 4574 esse
