3875 5634
765 735 859 806 '16
1619 758 2090 804 nemausus.

724 926 989 1004 toribuS,
1051 925 1223 1012 quod
1285 927 1400 991 boc
1458 926 1593 991 loco
1656 949 1802 992 eum
1860 926 2077 992 fecisse
2137 925 2543 1012 perspicuum
2608 929 2722 987 est.
2771 922 2990 987 Simile

726 1041 903 1127 quid
926 1041 1004 1106 de
1050 1064 1138 1105 vs.
1185 1043 1310 1105 461
1361 1039 1813 1106 observandum
1858 1045 1974 1105 est.
2029 1036 2251 1104 Verbis
2297 1087 2339 1117 ‚‚
2358 1035 2482 1116 abi,
2531 1035 2834 1101 molestus
2893 1034 2996 1100 es”

726 1153 1060 1240 respondet
1120 1152 1259 1220 Dic.
1321 1204 1361 1233 „
1380 1151 1683 1218 Nondum
1743 1154 1863 1219 scis
1921 1175 2112 1238 quam
2161 1150 2467 1216 molestus
2514 1149 2646 1236 ipse
2692 1147 2833 1227 sis'',
2882 1147 2989 1214 sed

725 1262 876 1335 haec
938 1291 1062 1334 non
1110 1269 1202 1333 ita
1246 1268 1486 1355 prolata
1533 1291 1663 1333 esse
1711 1274 1787 1332 ut
1828 1266 2192 1353 Euripides,
2244 1288 2437 1351 quem
2486 1262 2601 1330 sibi
2654 1263 2989 1329 conciliare

725 1383 962 1463 studet,
1009 1405 1376 1469 responsum
1420 1383 1689 1461 audiret,
1739 1382 2151 1447 manifestum
2202 1387 2320 1445 est.

817 1495 991 1563 Haec
1031 1497 1249 1582 igitur,
1289 1496 1643 1582 tragoediae
1684 1496 2026 1562 involucris
2064 1493 2351 1575 sublatis,
2392 1492 2605 1559 evadit
2642 1492 2991 1559 sententia.

731 1611 1066 1697 (Euripidi)
1141 1587 1390 1676 Gratids
1452 1612 1562 1675 tibi
1617 1633 1862 1693 vna-qnae
1924 1634 2051 1694 ayo.
2111 1608 2430 1694 (Theatro)
2501 1607 2821 1691 staqoedia
2867 1628 2998 1673 vero

740 1726 1020 1809 Telephus
1064 1732 1292 1809 pereat.

730 1946 840 2013 Vs.
867 1941 1008 2010 455
1055 1950 1157 2015 Ad
1195 1950 1382 2017 verba
1417 1951 1713 2030 βούλομαι
1751 1952 1808 2016 δ’
1854 1949 2016 2030 ὅμως
2054 1949 2273 2029 λαβεῖν
2313 1947 2520 2014 Schol.
2560 1954 2841 2027 μιμεῖται
2875 1948 2972 2013 τὸν

729 2065 1034 2146 Εὐριπίδου
1079 2073 1437 2148 χαρακτῆρα
1482 2067 1564 2147 τῷ
1611 2069 1788 2147 λόγῳ,
1839 2072 1906 2130 et
1945 2064 2256 2130 Mueller:
2296 2113 2338 2143 ‚‚
2353 2062 2580 2127 Denuo
2615 2061 2983 2148 perstringit

730 2177 1095 2264 Euripidem
1160 2188 1414 2267 propter
1458 2182 1800 2245 sententias
1845 2179 2168 2265 eleganter
2214 2177 2335 2243 sibi
2382 2176 2695 2263 oppositas
2740 2175 2847 2242 sed
2894 2176 2995 2241 in-

729 2293 991 2358 tellectu
1052 2293 1391 2360 carentes'’.
1453 2293 1674 2367 Cuius,
1714 2296 1806 2359 rei
1871 2293 2157 2380 exempla
2215 2314 2340 2357 non
2406 2290 2669 2373 addidit,
2729 2299 2794 2354 et
2838 2312 2994 2355 num

731 2429 948 2471 verum
1018 2408 1245 2474 viderit
1307 2408 1637 2473 scholiasta
1706 2409 2108 2473 vehementer
2175 2406 2422 2473 dubito,
2492 2406 2761 2472 Minime
2831 2428 2991 2491 nego

729 2520 996 2585 similem
1064 2521 1393 2587 verborum
1463 2523 1752 2607 syntaxin
1810 2523 1880 2587 in
1940 2521 2265 2608 Euripidis
2314 2520 2657 2659 tragoediis
2714 2517 2992 2606 reperiri,

730 2633 911 2698 velut
957 2634 1152 2722 Hipp.
1205 2637 1371 2701 316:

1021 2759 1145 2814 TP.
1195 2750 1392 2828 ἁγνὰς
1436 2751 1565 2829 μὲν,
1613 2746 1656 2815 ὦ
1701 2759 1830 2824 παῖ,
1878 2759 2093 2833 χεῖρας
2140 2747 2401 2828 αἵματος
2447 2748 2684 2831 φέρεις,

1023 2873 1154 2930 ΦΛ.
1205 2873 1401 2945 χεῖρες
1447 2865 1559 2943 μὲν
1603 2864 1812 2943 ἁγναὶ,
1861 2864 2016 2947 Φρην
2063 2865 2116 2930 δ’
2165 2863 2296 2944 ἔχει
2343 2862 2596 2941 μίασμά
2642 2886 2716 2926 τι.

732 2986 799 3063 at
841 2978 984 3062 quis
1029 2985 1127 3043 est
1170 2979 1282 3063 qui
1326 2978 1476 3043 talia
1518 2979 1709 3065 digna
1755 2978 1995 3044 iudicet
2027 3001 2202 3063 quae
2243 2975 2726 3064 improbentur?
2770 2974 2995 3060 Neque

731 3093 901 3180 apud
949 3116 1152 3159 unum
1196 3093 1561 3181 Euripidem
1608 3094 1914 3160 eiusmodi
1965 3079 2329 3160 sententiae
2365 3098 2726 3169 occurrunt,
2777 3114 2992 3156 verum

732 3208 903 3294 apud
965 3208 1291 3293 plerosque
1349 3216 1582 3295 poetas.
1632 3208 1886 3274 Alludit
1933 3209 2043 3273 Ar.
2092 3207 2254 3272 Ran.
2309 3209 2478 3271 1425
2528 3206 2607 3271 ad
2651 3203 2826 3270 Ionis
2869 3226 2998 3267 ver-

732 3343 907 3386 sum:
971 3328 1117 3405 σιγξὶ
1177 3324 1307 3401 μὲν,
1370 3322 1634 3405 ἐχθαίρει
1697 3324 1777 3397 δὲ,
1844 3323 2136 3403 βούλεταί
2179 3346 2254 3401 γε
2301 3323 2442 3402 μήν,
2494 3328 2558 3384 et
2604 3319 2821 3386 scribit
2863 3303 2996 3405 ipse

733 3436 1008 3502 comicus
1054 3437 1172 3503 Av.
1223 3440 1386 3503 124:
2400 3512 2403 3515 ,

1069 3561 1200 3617 ΕΠ.
1250 3551 1458 3618 ἔπειτα
1504 3552 1685 3634 μειζω
1733 3558 1846 3617 τῶν
1897 3556 2172 3634 Κραναῶν
2217 3551 2421 3632 ζητεῖς
2468 3550 2670 3624 πόλινς

1070 3674 1201 3731 ET.
1249 3665 1428 3747 μείζω
1480 3668 1589 3745 μὲν
1634 3666 1795 3733 οὐδὲν
1843 3665 2321 3748 προσφορωτέραν
2370 3663 2434 3729 δέ
2482 3665 2602 3744 νῷν.

826 3776 920 3843 Cf.
969 3776 1143 3842 Nub.
1191 3781 1342 3858 487,
1390 3778 1621 3864 quibus
1667 3780 1820 3847 locis
1866 3781 2121 3866 parodia
2168 3801 2296 3843 non
2342 3778 2529 3842 inest.
2580 3774 2850 3839 Fallitur
2887 3773 2997 3857 igi-

733 3899 843 3956 tur
910 3892 1259 3972 scholiasta,
1328 3899 1441 3957 aut
1499 3894 1634 3958 eius
1698 3894 2024 3959 annotatio
2085 3892 2162 3957 ad
2226 3890 2703 3977 praecedentem
2749 3907 2993 3951 versum

735 4005 1012 4090 pertinet
1056 4005 1135 4070 de
1183 4027 1308 4089 quo
1353 4007 1433 4071 ad
1482 4010 1608 4071 445
1658 4007 1807 4072 dixi.
1897 4048 1903 4055 -

735 4224 846 4292 Vs.
896 4218 1062 4289 471.
1737 4257 1841 4314 και
1892 4233 2009 4313 γάρ
2054 4232 2174 4310 ειμ’
2225 4229 2391 4309 ἄγαν

1185 4343 1453 4426 ὀχληρὸς,
1498 4348 1562 4412 οὐ
1608 4347 1825 4411 δοκῶν
1830 4370 1911 4424 με
1957 4344 2246 4427 κοιράνους
2291 4349 2551 4422 στυρεῖν.

824 4450 927 4519 Fr.
980 4456 1128 4520 572.
1178 4455 1386 4523 Schol.
1435 4465 1628 4526 Τοῦτο
1669 4456 2091 4540 πεπαρῴδηται
2137 4456 2393 4535 ἀσήμως
2438 4451 2507 4529 ἐξ
2567 4452 2706 4518 Οἷνί
2684 4477 2783 4525 e„co
2827 4452 2997 4531 Εὐρι-

733 4566 920 4636 πίδου.
968 4570 996 4635 ὃ
1040 4572 1104 4636 δὲ
1149 4570 1500 4655 Σύμμαχος
1542 4598 1646 4640 και
1691 4576 1757 4640 ἐκ
1802 4571 2093 4656 Τηλέφου
2139 4570 2331 4655 φησιν
2374 4568 2538 4636 αὑτό.
2589 4566 2687 4632 Ex
2724 4587 2850 4650 qua
2893 4585 2997 4629 an-
