3875 5634
1841 787 2077 833 naman.
2905 773 3030 836 153

835 953 1071 1018 animos
1133 954 1440 1019 emendet.
1504 954 1625 1020 Sed
1683 977 1808 1020 non
1872 955 1994 1020 hoc
2056 954 2312 1021 consilio
2371 962 2565 1021 artem
2613 957 2853 1022 excolat
2895 967 3080 1045 poeta

833 1067 1125 1152 tragicus„
1181 1089 1387 1153 neque
1448 1067 1570 1132 alia
1618 1092 1683 1133 se
1729 1069 2036 1155 obstringi
2084 1070 2365 1156 patiatur
2409 1070 2546 1156 lege
2594 1093 2780 1155 quam
2827 1080 2901 1137 ut
2948 1096 3081 1160 reg-

833 1203 986 1245 num
1033 1188 1211 1267 petat
1256 1182 1383 1246 veri
1429 1190 1622 1267 atque
1669 1183 1940 1269 pulchri.
1987 1185 2123 1249 Hoc
2155 1205 2268 1249 nos
2305 1184 2529 1250 docent
2568 1191 2789 1272 poetae
2832 1187 3081 1272 Anglus

833 1301 899 1360 et
960 1294 1329 1374 Germanus,
1392 1296 1507 1380 qui
1562 1297 1846 1362 dramata
1903 1298 2162 1363 Hamlet
2209 1305 2273 1363 et
2318 1297 2519 1363 Maria
2566 1299 2784 1365 Stuart
2827 1302 3082 1388 scripse-

833 1416 1003 1489 runt,
1072 1431 1196 1474 non
1257 1409 1320 1474 id
1381 1419 1640 1495 agentes
1699 1418 1775 1475 ut
1835 1411 2118 1477 homines
2182 1412 2601 1478 emendarent.
2649 1413 2787 1480 Hoc
2831 1437 3082 1500 quoque

832 1522 1014 1587 docet
1071 1523 1201 1609 ipse
1261 1502 1630 1610 Aeschylus.
1696 1523 1972 1590 Difficile
2027 1525 2280 1612 quidem
2344 1533 2436 1592 est
2480 1528 2557 1592 de
2605 1528 2814 1594 indole
2862 1536 3082 1615 poetae

835 1636 1108 1702 iudicare
1168 1636 1277 1702 ubi
1339 1638 1640 1725 pleraque
1703 1641 1838 1706 eius
1884 1648 2171 1727 poemata
2215 1641 2446 1706 iniuria
2491 1651 2836 1730 temporum
2886 1646 3080 1731 perie-

835 1751 983 1831 rint,
1047 1752 1155 1817 sed
1214 1752 1267 1817 si
1314 1775 1347 1817 e
1393 1754 1844 1839 superstitibus
1890 1755 2202 1820 iudicium
2251 1755 2449 1820 facere
2491 1756 2660 1837 licet,
2710 1758 3075 1845 Aeschylus,

832 1864 1142 1950 quidquid
1188 1867 1356 1932 dicat
1400 1867 1853 1955 Aristophanes
1899 1892 1988 1935 vs.
2044 1872 2213 1934 1003
2260 1892 2414 1955 sqq„
2461 1893 2584 1936 11011
2630 1872 2814 1937 aliam
2854 1872 3080 1939 habuit

833 2003 1113 2046 normam
1157 1982 1231 2047 ad
1282 2005 1468 2068 quam
1516 1983 1871 2049 dramatum
1912 1983 2379 2051 scribendorum
2419 1988 2722 2052 rationem
2761 1988 3078 2073 dirigeret.

837 2094 1003 2160 Nam
1063 2097 1115 2160 si
1175 2119 1332 2162 unas
1378 2096 1599 2163 Persas
1637 2100 2001 2185 excipimus,
2050 2100 2219 2184 quod
2257 2123 2473 2187 poema
2518 2102 2929 2167 dramaticum
2976 2126 3082 2190 po·

831 2211 963 2276 tius
1010 2233 1199 2295 quam
1245 2212 1459 2277 drama
1493 2219 1590 2277 est
1623 2213 2092 2299 appellandum,
2131 2214 2313 2280 nulla
2348 2224 2629 2300 superest
2652 2216 2974 2302 tragoedia
2998 2218 3077 2284 ab

839 2324 1149 2411 Aeschylo
1211 2348 1283 2390 eo
1338 2326 1596 2391 consilio
1659 2328 2007 2414 conscripta
2064 2336 2140 2393 ut
2185 2328 2599 2394 Athenienses
2638 2330 2923 2396 meliores
2966 2340 3080 2396 aut

833 2438 1116 2504 fortiores
1177 2440 1416 2519 fierent,
1476 2463 1556 2505 ne
1618 2441 1865 2527 Septem
1931 2442 2226 2507 adversus
2285 2442 2525 2508 Thebas
2572 2444 2843 2528 quidem,
2892 2468 3079 2530 quam

831 2553 1289 2640 Aristophanes
1367 2553 1590 2636 ’Ἄρεως
1677 2556 1897 2635 μεστόν
1966 2564 2163 2639 vocat,
2237 2558 2466 2642 cuique
2534 2558 2866 2645 Euripides
2934 2584 3078 2627 suas

836 2664 1206 2733 Phoenissas
1249 2691 1561 2755 opponere
1605 2671 1936 2756 potuisset.

835 2891 942 2958 Vs.
991 2887 1154 2957 992.
1269 2892 1412 2959 τάδε
1459 2896 1570 2973 μὲν
1615 2895 1899 2969 λεύσσεις
1947 2897 2202 2977 Φαίδιμ’
2244 2898 2563 2977 Ἀχιλλεῦ.
2868 2918 2948 2961 1·
2982 2932 2986 2937 ·

920 3006 1296 3073 801101.ἔσϊι
1342 3009 1405 3074 δὲ
1449 3009 1614 3090 ἀρχῇ
1661 3007 1814 3083 αὕτη
1863 3010 2245 3091 Μυρμιδόνων
2292 3011 2617 3092 Αἰσχύλου.
2668 3012 2771 3077 F.r
2825 3014 2946 3077 127
2990 3012 3076 3079 N.

836 3125 961 3187 128
1010 3120 1089 3187 D.

830 3350 936 3415 Vs.
992 3342 1200 3413 1028.
1271 3346 1494 3429 ἐχάρην
1540 3354 1683 3426 γοῦν
1728 3349 1871 3422 ἡνίκ’
1920 3348 2147 3423 ἥκουσα
2190 3350 2317 3431 περὶ
2368 3351 2608 3432 Δαρείου
2654 3354 2975 3426 τεθνεῶτος.

916 3465 1149 3549 Agitur
1211 3463 1288 3528 de
1349 3463 1639 3548 Aeschyli
1687 3463 1914 3529 Persis.
1966 3463 2057 3528 Cf.
2109 3486 2268 3549 quae
2315 3463 2392 3529 de
2437 3465 2555 3530 hoc
2603 3465 2738 3531 loco
2784 3475 3078 3554 corrupto
3141 3488 3146 3494 ·

828 3578 1312 3663 disputaverunt
1359 3576 1663 3659 Fritsche,
1713 3576 2004 3656 Dindorf,
2056 3577 2257 3642 Kock.

914 3690 1262 3772 Patroclus,
1311 3713 1397 3755 vs.
1451 3693 1646 3770 1041,
1695 3691 1761 3755 in
1801 3690 2306 3778 Myrmidonibus
2343 3692 2675 3777 prodierat,
2703 3692 2981 3759 Teucrus
3007 3694 3073 3759 in

827 3804 1077 3889 trilogia
1123 3802 1377 3870 “On-mv
1423 3805 1619 3885 κρίσις,
1661 3814 1945 3886 Θρῆσσαι,
1982 3807 2352 3884 Σαλαμίνιαι
2389 3806 2707 3893 inscripta,
2748 3808 2822 3872 fr.
2849 3807 3074 3873 Aesch.

831 3918 908 3982 77
973 3915 1051 3981 D.
1115 3917 1492 4004 Aeschylum
1555 3918 1704 3983 inde
1749 3941 1785 3982 a
1837 3941 1924 3984 vs.
1982 3921 2151 3983 1006
2200 3920 2453 4005 tragicis
2501 3920 2702 3986 verbis
2753 3922 2842 3986 uti
2892 3944 3077 3987 nemo

826 4053 950 4096 non
997 4031 1188 4096 videt.

824 4254 929 4320 Vs.
985 4248 1191 4321 1050.
1263 4256 1349 4321 ὅτι
1394 4257 1671 4334 γενναίας
1715 4257 1819 4323 καὶ
1867 4259 2143 4337 γενναίων
2186 4260 2403 4341 ἀνδρῶν
2451 4260 2713 4340 ἀλόχους
2751 4261 3075 4336 ἀνέπεισας

1268 4372 1473 4437 κώνεια
1506 4380 1679 4451 πιεῖν,
1704 4373 2123 4453 αἶσχυνθείσας
2147 4373 2245 4438 δια
2268 4375 2401 4446 τοὺς
2426 4375 2559 4447 σοὺς
2584 4375 3075 4456 Βελλεροφόντας.

917 4484 1119 4549 Schol.
1195 4487 1363 4550 1043
1420 4485 1679 4559 ἐλθόντος
1739 4481 1832 4550 οὖν
1896 4488 2085 4552 ἐκεῖσε
2148 4488 2605 4569 Βελλεροφόντου
2660 4487 2763 4552 καὶ
2827 4492 3077 4571 καθαροῦ

825 4598 1131 4679 φανέντος,
1182 4602 1268 4677 μὴ
1314 4599 1573 4681 φέρουσα
1612 4600 1717 4673 τὴν
1754 4601 2048 4681 αἰσχύνην
2089 4602 2123 4674 ἦ
2164 4602 2478 4680 Σθενέβοια
2516 4603 2720 4684 κωνείῳ
2754 4603 3074 4684 ἐχρήσατο,
