3875 5634
1831 764 1959 808 nm
1970 766 2068 809 uz.
2900 747 3022 811 159

1264 935 1512 1011 Κάδμου
1559 939 1821 1011 πολῖτοιι,
1870 932 1987 1012 χρη
2034 931 2229 1010 λέγειν
2272 932 2353 996 τά
2397 934 2586 1015 κοιίμά

1263 1047 1419 1120 ὅστις
1467 1046 1768 1128 φυλάσσει
1814 1049 2042 1127 miro-e:
2089 1048 2149 1111 ἐν
2194 1044 2424 1127 πρύμνη
2472 1045 2691 1120 πόλεως

1266 1159 1440 1226 οἴακα.
1486 1164 1710 1238 νωμῶν.

910 1305 999 1367 At
1020 1301 1258 1389 puerile
1278 1299 1558 1386 profecto
1582 1307 1647 1364 et
1670 1299 1983 1365 insulsum
2011 1299 2228 1365 fuisset
2250 1299 2484 1366 talibus
2508 1301 2779 1386 prologis
2803 1301 3065 1375 ληκύθιον

818 1416 1195 1501 adiungere3
1245 1414 1682 1507 fastidium-et
1726 1413 2008 1478 taedium
2059 1422 2343 1494 creasset,
2392 1416 2760 1480 cachinnum
2812 1416 3068 1481 minime

822 1531 1131 1595 movisset.
1194 1528 1342 1594 Non
1405 1529 1672 1614 ineptias
1717 1527 1993 1614 proferre
2037 1527 2157 1593 sihi
2203 1529 2526 1615 proposuit
2569 1529 2674 1594 sed
2719 1530 2905 1595 verba
2952 1538 3071 1595 tra·

819 1645 956 1731 gica
1012 1645 1076 1709 in
1124 1643 1449 1708 scurrilem
1499 1643 1871 1727 detorquere
1918 1643 2320 1707 sententiam.
2370 1641 2495 1708 Cur
2543 1643 2707 1708 enim
2754 1667 2881 1710 non
2930 1646 3072 1710 teti-

821 1760 917 1845 git
977 1758 1265 1844 prologos
1326 1756 1720 1844 Supplicum,
1784 1756 2067 1834 Medeae,
2116 1755 2444 1843 Hippolyti
2495 1757 2590 1822 vel
2638 1758 2933 1824 Herculis
2978 1760 3071 1824 fu·

822 1874 1035 1953 tentis,
1082 1872 1248 1958 quod
1297 1895 1405 1958 per
1453 1880 1723 1936 metrum
1770 1871 2000 1937 licuit?
2051 1870 2196 1937 Non
2245 1872 2430 1937 aliam
2475 1872 2554 1937 ob
2592 1896 2840 1939 causam
2881 1897 3066 1961 quam

823 1988 1044 2073 quodsi
1106 1987 1273 2052 hisce
1332 1987 1398 2052 τὸ
1444 1986 1708 2061 ληκύθιον
1754 1985 2079 2067 affixisset,
2120 2009 2245 2051 non
2295 1987 2558 2052 ridicula
2606 1989 2897 2053 evasisset
2942 2012 3072 2054 sen·

823 2104 1020 2167 tentia
1067 2100 1173 2167 sed
1223 2123 1476 2187 prorsus
1513 2100 1712 2166 nulla.
1752 2100 1897 2165 Non
1935 2102 2132 2186 igitur
2174 2110 2440 2166 metrum
2480 2103 2710 2188 carpsit
2734 2104 2838 2168 sed
2866 2102 3070 2168 verba.

828 2215 988 2281 Vide
1052 2222 1123 2278 ut
1181 2237 1394 2280 omnes
1455 2214 1566 2299 qui
1631 2214 1734 2279 hic
1795 2222 2137 2279 occurrunt
2182 2214 2421 2300 prologi
2468 2215 2534 2279 in
2581 2238 2771 2280 unam
2816 2217 3073 2281 formam

826 2332 954 2397 sint
1016 2330 1269 2410 redacti,
1331 2330 1405 2394 ad
1462 2352 1656 2394 unum
1706 2330 2062 2415 exemplum
2113 2330 2239 2393 sint
2287 2330 2627 2416 compositi.
2678 2330 2943 2395 Initium
2992 2331 3076 2396 fa·

826 2445 912 2509 cit
956 2466 1181 2510 nomen
1231 2442 1498 2507 alicuius
1544 2443 1659 2507 viri
1705 2451 1820 2507 aut
1869 2443 2073 2507 herois
2120 2449 2233 2507 aut
2280 2442 2398 2522 dei,
2439 2445 2620 2508 cuius
2659 2445 2891 2529 posteri
2928 2467 3076 2509 enu-

828 2565 1183 2624 merantur:
1817 2592 1853 2605 —

1090 2671 1398 2736 Archelai.
1447 2670 1775 2750 Αἴγυπτος,
1825 2673 1901 2743 ὥς
1949 2671 1976 2735 ὃ
2024 2678 2303 2743 πλεῖστος
2351 2669 2634 2752 {erup-tw
2681 2671 2875 2750 λόγος.

1092 2787 1353 2873 Hypsip.
1405 2786 1697 2860 Διόνυσος,
1746 2786 1807 2859 ὃς
1835 2834 1850 2849 .
1877 2835 1892 2849 .
1926 2834 1942 2849 .
1968 2834 1983 2849 .
2037 2787 2201 2868 πηδᾷ
2248 2786 2513 2867 χορεύων.

1089 2900 1325 2965 Phrixi.
1374 2900 1641 2965 Σιδώνιόν
1687 2900 1820 2965 ποτ’
1867 2899 2024 2964 ι’ίστυ
2075 2899 2317 2978 Κάδμος
2362 2901 2629 2965 ἐκλιπών.

1091 3014 1235 3101 Iph.
1282 3015 1353 3078 Τ.
1403 3014 1611 3094 Πέλοψ
1658 3015 1684 3079 ὁ
1730 3013 2101 3088 Ταντάλειος
2148 3016 2206 3087 ἐς
2258 3021 2453 3079 Πῑσκν
2498 3015 2709 3093 μολών.

1092 3129 1418 3216 Meleagri.
1484 3128 1691 3201 Οἰνεύς
1753 3128 1884 3194 ποτ’
1949 3130 2014 3193 ἐκ
2062 3136 2174 3206 γῆς
2202 3177 2215 3191 .
2245 3178 2260 3191 .
2290 3178 2304 3191 .
2335 3176 2349 3191 .
2402 3127 2540 3193 θύων
2584 3128 2899 3209 ἀπαρχάς.

1094 3242 1327 3307 Melan.
1377 3243 1539 3315 Ζεὺς,
1590 3244 1665 3314 ὡς
1710 3241 1988 3306 λε’λεκϊάι
2033 3249 2142 3316 τῆς
2188 3241 2464 3315 ἀληθείαις
2512 3240 2638 3307 ὕπο.

917 3383 1019 3448 Ad
1055 3381 1240 3446 aliam
1278 3403 1560 3446 normam
1586 3387 1985 3445 constructus
2010 3387 2103 3443 est
2127 3402 2294 3444 unus
2320 3379 2736 3444 Stheneboeae
2763 3380 3077 3466 prologus,

1272 3507 1374 3571 οὐκ
1419 3504 1575 3570 ἔστιν
1622 3504 1779 3578 ὅστις
1829 3506 2010 3570 πάντ’
2057 3507 2197 3585 άνηρ
2246 3506 2581 3583 εὐδαιμονεῖ
2620 3506 2766 3579 xri„

826 3621 914 3686 ita
973 3629 1181 3685 tamen
1232 3629 1306 3684 ut
1360 3619 1581 3706 (ἀνὴρ)
1637 3620 1924 3697 δυσγενὴς
1972 3618 2044 3682 ὢν
2093 3616 2441 3683 subiectum
2489 3641 2616 3683 esse
2662 3620 2858 3705 possit
2904 3620 3077 3686 verbi

821 3737 1143 3802 ἀπώλεσεν.
1210 3736 1590 3800 Scholiasta:
1655 3733 1981 3812 διάβάλλει
2043 3732 2104 3797 δὲ
2151 3734 2255 3806 τὴν
2307 3734 2591 3809 ὄμοειδίκν
2638 3738 2751 3797 τῶν
2796 3734 3078 3812 εἰσβοὶέόν

826 3857 936 3916 τῶν
1005 3851 1341 3933 δραμάτων,
1403 3873 1592 3935 quam
1657 3849 2128 3913 annotationem
2192 3849 2398 3911 minus
2459 3855 2601 3934 apte
2654 3846 3077 3913 Stheneboeae

826 3968 1078 4053 prologo
1137 3966 1465 4052 adscripsit
1528 3988 1614 4029 vs.
1683 3966 1873 4028 1219.
1942 3962 2034 4026 Cf.
2101 3984 2212 4026 van
2264 3960 2567 4026 Leeuwen
2618 3963 2793 4048 Spec.
2841 3962 2937 4027 lit.
2991 3962 3078 4026 in.

827 4080 904 4145 de
948 4081 1142 4145 Arist.
1191 4079 1513 4165 Euripidis
1561 4100 1834 4155 censore,
1891 4077 2083 4139 1876.
2132 4097 2190 4160 p.
2245 4079 2326 4139 98
2368 4098 2498 4160 sqq.

830 4357 937 4424 Vs.
992 4345 1496 4420 1211-1213.
1550 4350 1844 4423 Διόνυσος,
1892 4349 1952 4422 ὃς
2003 4348 2241 4429 θύρσοισι
2285 4384 2378 4396 -
2421 4348 2584 4429 πηδᾷ
2627 4345 2902 4427 χορεύων.

922 4470 1125 4536 Schol.
1174 4466 1517 4548 ’Ὑψιπύλης
1565 4467 1598 4539 ἦ
1647 4466 1829 4545 ἀρχή.
1883 4461 1987 4528 Fr.
2046 4462 2192 4525 752.
2244 4459 2337 4526 Cf.
2383 4461 2461 4526 ad
2505 4459 2677 4526 Nub.
2721 4462 2866 4525 603.
2909 4459 3079 4558 Hype
3118 4484 3128 4499 ·

825 4585 1060 4674 sipylae
1104 4585 1173 4649 in
1211 4583 1327 4648 hac
1369 4568 1690 4666 tragoedia
1736 4579 1949 4643 infans
1993 4575 2301 4664 Opheltes
2338 4576 2700 4641 commissus
2723 4582 2861 4642 erat
2876 4602 2897 4657 3
2923 4598 3084 4661 quae
