3875 5634
1958 722 2130 767 Aves.
3017 703 3098 766 89

910 899 1018 965 Vs.
1074 893 1279 966 1420.
1343 908 1579 985 πτερῶν,
1630 908 1847 984 πτερῶν
1892 904 2000 975 δεῖ.
2046 901 2133 982 μὴ
2180 902 2329 984 πύθῃ
2374 905 2440 969 τὸ
2490 902 2759 985 δεύτερον.

997 1015 1201 1080 Schol.
1249 1015 1413 1098 παρὰ
1457 1018 1523 1083 τὸ
1568 1018 1876 1099 Αἰσχύλου
1909 1019 1976 1084 ἐκ
2014 1016 2391 1098 Μυρμιδόνων
2444 1016 2713 1098 ,,ἕπλων,
2760 1016 2950 1083 ὅπλων
2996 1018 3140 1084 serf

907 1129 1008 1197 Fr.
1062 1133 1189 1196 136
1237 1130 1342 1213 Ν.,
1396 1133 1519 1197 140
1571 1132 1644 1197 D.
1699 1133 2036 1218 Sequentia
2085 1133 2171 1211 μὴ
2209 1170 2300 1182 —-
2337 1133 2590 1215 δεύτερον
2627 1132 2792 1199 hisce
2829 1134 3142 1220 iungenda

906 1268 1035 1310 esse
1084 1246 1333 1311 monuit
1368 1246 1567 1314 Kock.
1606 1246 1807 1315 Verba
1846 1258 1999 1315 sunt
2036 1249 2304 1314 Achillis
2330 1258 2588 1315 mortem
2619 1249 2889 1315 Patrocli
2915 1250 3138 1316 ulturi.

906 1473 1014 1540 Vs.
1071 1468 1280 1539 1426.
1346 1476 1495 1543 ύποιὶ
1541 1479 1856 1561 πτερύγων.

993 1591 1115 1656 Ad.
1179 1591 1336 1656 Ach.
1402 1595 1528 1659 970
1593 1593 1741 1658 {m}
1799 1593 2095 1675 πτερύγων
2140 1598 2366 1674 κιχλᾶν
2408 1592 2513 1658 xxi
2560 1592 2845 1673 κοψίχων,
2896 1592 3140 1657 Scl1ol.:

904 1713 1180 1784 μιμεῖται
1214 1706 1289 1772 ’δὲ
1336 1709 1402 1773 τὸ
1448 1707 1649 1786 μέλος.
1697 1706 1959 1773 Carmen
2007 1731 2134 1774 non
2181 1716 2491 1773 servatum
2537 1714 2648 1772 est.

993 1821 1123 1903 Qui
1186 1844 1271 1886 vs.
1345 1824 1508 1887 1445
1574 1822 1727 1888 dicit
1786 1822 1985 1888 filium
2041 1823 2137 1889 ἐπὶ
2182 1822 2480 1906 τραγῳδίᾳ
2518 1820 2529 1911 Ι
2566 1822 2990 1904 ἆνεπτερῶσθκι
3036 1822 3143 1886 καὶ

903 1938 1266 2010 πεποτῆσθαι
1311 1938 1424 2011 τὰς
1469 1937 1708 2019 Φρένοις,
1758 1937 2009 2024 lyricam
2058 1936 2151 2002 vel
2198 1937 2494 2023 tragicam
2546 1935 2882 2001 dictionem
2940 1935 3141 2000 imita·

905 2061 1032 2116 tur.
1086 2050 1178 2115 Cf.
1226 2051 1378 2118 Eur.
1424 2052 1525 2117 El.
1580 2054 1724 2118 177.

990 2166 1085 2233 De
1139 2169 1306 2234 1470
1352 2169 1552 2233 πολλοὶ
1601 2169 1673 2243 335
1718 2170 1838 2235 κτὲ.
1890 2167 2035 2233 vid.
2083 2167 2159 2232 ad
2208 2192 2294 2233 vs.
2348 2170 2538 2233 1494.

902 2393 1010 2459 Vs.
1068 2386 1275 2457 1494.
1342 2394 1417 2460 In
1481 2417 1720 2460 scenam
1770 2394 1980 2482 prodit
2027 2393 2457 2472 PrometheuS,
2503 2394 2704 2458 velato
2750 2394 2968 2479 capite,
3015 2415 3137 2458 me-

907 2518 1095 2575 tuens
1155 2531 1235 2574 ne
1294 2532 1358 2573 se
1418 2509 1662 2596 Iupiter
1707 2508 2176 2589 animadvertat,
2226 2507 2453 2574 deinde
2496 2515 2819 2595 postquam
2867 2507 3008 2593 quis
3053 2509 3135 2574 sit

900 2622 1340 2688 Peithethaero
1400 2625 1669 2710 aperuit,
1733 2623 2069 2689 umbellam
2134 2631 2312 2709 rogat
2372 2645 2497 2708 qua
2541 2646 2605 2687 se
2651 2630 2843 2708 tegat,
2891 2621 3138 2688 Peithe-

897 2746 1137 2803 taurum
1211 2738 1535 2803 certiorem
1599 2738 1745 2803 facit
1809 2738 1972 2805 Deos
2034 2737 2323 2804 barbaros
2382 2737 2522 2804 Jovi
2575 2735 2805 2803 bellum
2851 2735 3135 2802 intulisse

897 2852 1312 2937 hortaturque
1359 2874 1501 2918 eum
1543 2854 1703 2918 viam
1751 2852 1903 2919 coeli
1951 2877 2030 2919 ne
2076 2854 2250 2941 prius
2287 2853 2620 2941 patefaciat
2653 2874 2841 2938 quam
2879 2851 3131 2940 Jupiter

894 2967 1003 3040 τὴν
1048 2968 1359 3032 Βασίλειαν
1405 2966 1754 3034 tradiderit.

984 3082 1244 3170 Saepius
1288 3082 1444 3148 mihi
1491 3106 1607 3149 vss.
1652 3087 1821 3148 1494
1867 3108 1999 3170 sqq.
2050 3084 2285 3169 legenti
2333 3082 2702 3149 videbantur
2739 3082 2887 3148 haec
2927 3083 3134 3148 omnia

893 3221 1055 3284 quae
1103 3198 1180 3263 de
1226 3197 1598 3265 Prometheo
1637 3208 1838 3285 agunt
1875 3223 2085 3266 revera
2127 3201 2323 3266 faceta
2359 3222 2481 3265 non
2508 3222 2637 3265 esse
2660 3221 2864 3284 neque
2889 3221 3131 3264 summo

892 3313 1126 3379 comico
1188 3313 1377 3399 digna
1437 3314 1557 3379 nisi
1613 3314 2067 3401 quodammodo
2128 3338 2272 3380 cum
2333 3313 2686 3380 Promethei
2734 3313 2990 3380 historia
3036 3337 3130 3378 co·

894 3429 1238 3509 haererent,
1297 3429 1337 3492 i.
1403 3452 1455 3494 e.
1519 3430 1647 3494 veri
1694 3429 2050 3495 Promethei
2096 3429 2416 3516 parodiam
2463 3428 2875 3494 continerent.
2925 3429 3132 3513 Auge·

893 3542 1045 3608 bant
1105 3542 1261 3607 hanc
1322 3544 1735 3630 suspicionem
1797 3547 2074 3610 carmina
2136 3544 2377 3609 chorica
2447 3546 2612 3609 1470
2670 3565 2799 3628 sqq.
2847 3551 2911 3608 et
2961 3544 3129 3607 1553

890 3680 1022 3743 sqq.
1090 3666 1153 3721 et
1210 3657 1410 3722 multa.
1470 3680 1628 3743 quae
1688 3661 1751 3725 in
1815 3668 2122 3746 postrema
2176 3658 2524 3724 comoediae
2573 3668 2748 3745 parte
2796 3666 3134 3744 supersunt

890 3771 1148 3856 vestigia
1210 3772 1585 3858 Aeschyleae
1652 3773 1945 3839 dictionis
2004 3775 2204 3839 donec
2263 3771 2457 3839 subiit
2516 3772 2811 3857 cogitatio
2855 3771 3128 3838 animum

889 3886 991 3950 hic
1049 3886 1268 3973 respici
1330 3888 1616 3974 Aeschyli
1664 3890 2127 3969 Prometheum,
2174 3912 2302 3955 non
2350 3887 2650 3954 Vinctum
2697 3888 2876 3955 illum
2928 3909 3129 3973 neque

891 3999 1181 4066 Solutum
1244 4001 1372 4082 sed,
1436 4001 1771 4069 dummodo
1832 4004 2076 4091 probari
2137 4012 2344 4091 posset
2387 4003 2557 4089 quod
2603 4004 2746 4069 olim
2797 4002 3129 4069 Welckero

888 4113 1236 4193 videbatur,
1285 4114 1727 4181 Prometheum
1773 4118 2073 4200 πυρφόρον.

976 4228 1123 4294 Non
1176 4229 1297 4294 nisi
1343 4227 1706 4295 dubitanter
1754 4231 1912 4297 hanc
1960 4236 2026 4297 in
2074 4230 2350 4297 medium
2397 4232 2639 4318 profero
2688 4232 3123 4310 coniecturam,

885 4366 1012 4409 non
1070 4344 1323 4430 ignarus
1383 4344 1614 4409 multos
1674 4346 1834 4411 viros
1880 4347 2093 4411 doctos
2140 4345 2376 4411 nnllam
2427 4366 2722 4428 umquam
2771 4345 2960 4410 fuisse
3005 4354 3126 4410 tra·

885 4458 1167 4540 goediam
1230 4457 1668 4524 Prometheum
1719 4462 2003 4541 πυρφόρον
2049 4482 2313 4524 censere.
2357 4460 2744 4543 Argumenta
2787 4469 2993 4525 tamt-n
3044 4461 3127 4525 as-

884 4575 1097 4655 seram,
1146 4596 1308 4659 quae
1352 4597 1432 4640 an
1479 4576 1627 4639 satis
1671 4574 1845 4640 firma
1890 4577 2020 4640 sint
2067 4575 2389 4662 peritiores
2434 4572 2797 4639 diiudicent.
