3875 5634
1740 785 2211 853 scamnum.
2249 812 2258 821 ·
2629 808 2636 815 ·
3027 791 3063 852 5

857 1027 898 1057 ,‚
917 965 1200 1062 loquitur
1261 974 1421 1055 Dic„
1482 995 1750 1059 quarum
1818 975 2017 1039 altera
2063 981 2236 1038 statu
2284 981 2489 1039 erecto
2514 972 2874 1053 haberetur,
2921 974 3118 1039 altera

855 1092 981 1171 „in
1024 1099 1254 1155 trunco
1300 1088 1595 1153 lanionio.
1647 1090 1738 1152 At
1785 1112 1872 1153 vs.
1925 1091 2076 1168 364,
2129 1090 2279 1167 365,
2329 1092 2479 1166 486,
2527 1091 2677 1169 492,
2715 1092 2865 1166 495,
2891 1089 3116 1154 docent

856 1227 1105 1284 „unam
1154 1210 1403 1291 tantum
1453 1205 1799 1269 orationem
1839 1203 2068 1268 habere
2105 1202 2629 1289 Dicaeopolidem,
2661 1225 2931 1287 eumque
2968 1202 3115 1268 inde

857 1341 947 1396 „a
1009 1317 1223 1404 primis
1267 1316 1468 1381 verbis
1513 1324 1686 1382 statu
1734 1317 1846 1381 illo
1892 1339 2053 1381 novo
2101 1325 2166 1381 et
2212 1316 2496 1381 inaudito
2541 1316 2737 1401 loqui.
2785 1315 2956 1381 Haec
3001 1316 3117 1381 dif-

857 1429 1163 1510 „ficultas
1222 1453 1359 1495 meo
1420 1429 1677 1514 quidem
1739 1429 1974 1494 iudicio
2039 1430 2220 1494 facile
2280 1430 2427 1494 tolli
2474 1437 2697 1516 potest.
2746 1429 2897 1494 Loci
2944 1431 3111 1494 enim

858 1592 898 1621 ‚‚
918 1543 1174 1623 laudati,
1222 1542 1453 1628 quibus
1498 1544 1656 1608 adde
1703 1566 1790 1607 vs.
1833 1545 1986 1622 41⁷,
2027 1542 2311 1629 probant,
2353 1544 2572 1635 capitis
2595 1543 2940 1630 periculum
2966 1542 3106 1609 Dic.

862 1657 1234 1736 „aditurum
1298 1681 1462 1738 esse3
1526 1657 1632 1721 scd
1683 1657 1936 1745 (alege
1983 1681 2126 1722 eum
2174 1659 2515 1722 orationem
2561 1658 2917 1723 habiturum
2968 1681 3117 1740 esse,

864 1771 984 1850 „h.
1032 1772 1074 1835 l.
1140 1795 1263 1836 non
1325 1771 1577 1836 dicitur.
1629 1770 1855 1857 Itaque
1902 1780 2062 1859 post.
2091 1773 2235 1837 δοκῶ
2285 1773 2668 1837 reticentiam
2719 1773 3115 1838 statuendam

864 1886 1084 1963 „duco
1145 1896 1209 1950 et
1253 1886 1549 1972 suspicor,
1599 1886 1736 1950 Die.
1786 1894 1970 1970 gestu
2019 1887 2229 1972 aliquo
2277 1887 2641 1969 significare,
2688 1887 2858 1971 quod
2904 1896 3116 1974 aperte

864 2048 903 2077 ‚‚
924 1999 1127 2064 dicere
1173 1998 1458 2078 dubitat3
1508 1999 1734 2064 deinde
1781 2001 2114 2074 ἁσυνδέτως
2162 2023 2386 2084 magna
2433 2000 2494 2065 vi
2538 2000 2748 2065 addit:
2791 1999 2928 2083 ὑπὲρ
2964 1998 3116 2077 ἐπιξ.

863 2162 903 2191 „
918 2127 1048 2178 κτλ.
1118 2114 1514 2200 Asyndetum
1568 2122 1904 2180 excusatur
1949 2137 2175 2200 magna
2219 2115 2412 2179 animi
2463 2115 2890 2180 commotione.
2943 2114 3123 2196 Quae

867 2277 908 2307 „
929 2227 991 2291 h.
1041 2226 1083 2292 l.
1135 2225 1270 2291 Dic.
1318 2228 1561 2306 reticet,
1611 2228 1944 2314 profitetur
1985 2226 2309 2291 Philocleo
2359 2226 2545 2313 Vesp.
2593 2229 2718 2291 523
2758 2227 2826 2303 ἣν
2863 2229 2978 2309 γὰρ
3014 2228 3118 2303 15⁶1·—

866 2340 1087 2419 ,,τη3ῶ
1134 2341 1323 2420 λέγων
1359 2365 1480 2415 σου,
1518 2346 1942 2421 περιπεσοῦμαι
1980 2342 2062 2422 τῷ
2102 2338 2280 2422 ξίφει.
2310 2339 2448 2405 Nisi
2475 2341 2634 2406 forte
2658 2342 2926 2428 praefers
2948 2342 3117 2409 lacu·

869 2505 909 2534 ,‚
927 2478 1070 2520 nam
1114 2456 1305 2520 unius
1343 2455 1443 2520 vel·
1479 2455 1761 2542 plurium
1798 2477 2092 2520 versuum
2117 2453 2453 2519 statuere.”
2476 2454 2799 2521 Hactenus
2823 2455 3117 2522 Mueller.

869 2569 1061 2647 Recte
1121 2570 1490 2633 monstravit
1550 2591 1823 2653 quonam
1888 2567 2104 2633 morbo
2159 2576 2373 2632 textus
2420 2577 2705 2655 receptus
2750 2569 3009 2650 laboret,
3060 2578 3125 2635 et

869 2682 1108 2767 aliquid
1167 2704 1312 2747 sane
1365 2681 1724 2768 proficimus
1784 2682 1835 2745 si
1884 2703 2030 2746 cum
2079 2704 2152 2746 eo
2197 2681 2584 2767 aposiopesin
2627 2689 2766 2767 post
2811 2683 2956 2748 δοκῶ
3001 2689 3122 2748 stan

872 2795 1112 2860 tuimus
1127 2822 1145 2874 3
1204 2795 1445 2860 fallitur
1507 2802 1737 2876 tamen,
1802 2818 1903 2859 me
1948 2794 2175 2874 iudice,
2223 2795 2314 2858 ita
2360 2796 2565 2859 omnia
2609 2817 2758 2860 sana
2804 2818 2931 2860 esse
2974 2795 3129 2860 exis·

869 2911 1119 2976 timanS.
1157 2909 1419 2974 Etiamsi
1460 2931 1768 2996 ponamus
1806 2908 2050 2993 aliquid
2085 2908 2407 2973 reticuisse
2443 2907 2947 2995 Dicaeopolidem
2982 2916 3126 2996 post

876 3022 1020 3120 δρκῶ
1083 3029 1147 3086 et
1207 3022 1536 3095 αἱσυνδέτως
1595 3021 1792 3106 loqui,
1854 3022 1953 3086 vel
2000 3022 2088 3086 sic
2131 3029 2342 3086 tamen
2386 3043 2582 3086 sermo
2627 3043 2754 3086 non
2802 3023 3128 3088 cohaerere

874 3135 1144 3201 videtur.
1214 3133 1502 3216 Quonam
1573 3137 1740 3201 enim
1808 3132 2129 3217 συνδέσμῳ’
2175 3136 2273 3199 uti
2334 3136 2636 3221 potuisset
2697 3143 2770 3201 ut
2828 3137 3130 3203 continua

877 3251 1164 3332 evsderet
1208 3251 1424 3331 oratio,
1473 3272 1602 3315 non
1650 3251 1852 3329 video,
1902 3272 2111 3335 neque
2156 3271 2427 3334 quonam
2467 3249 2603 3315 iure
2639 3251 2954 3337 scripserit
2995 3250 3124 3316 M.:

877 3387 1008 3442 „ea
1076 3364 1211 3449 lege
1279 3366 1342 3449 (i.
1395 3388 1449 3430 e.
1512 3364 1732 3452 capitis
1799 3363 2151 3450 periculum
2221 3364 2565 3449 aditurum)
2627 3362 3128 3450 Dicaeopolidem

877 3477 1214 3543 orationem
1278 3475 1642 3542 habiturum
1689 3501 1818 3542 esse
1865 3477 1986 3542 hoc
2031 3477 2169 3541 loco
2215 3499 2342 3542 non
2386 3475 2657 3541 dicitur”
2703 3479 2805 3542 cui
2850 3472 3131 3565 opinioni

878 3591 1119 3657 etiamsi
1164 3590 1372 3655 omnia
1417 3591 1472 3655 ei
1520 3573 1952 3669 concedamus,
2001 3598 2221 3676 poetae
2265 3588 2453 3654 verba
2495 3597 2867 3676 repugnant.

965 3705 1172 3769 Aliter
1217 3728 1315 3770 res
1358 3728 1422 3769 se
1464 3703 1689 3769 habere
1728 3704 1886 3769 mihi
1923 3703 2194 3785 videtur,
2236 3711 2301 3768 et
2337 3703 2619 3788 quamvis
2654 3703 2938 3770 tenebras
2959 3726 3129 3792 pror·

877 3843 983 3884 sus
1019 3818 1349 3906 dispellere
1385 3819 1543 3883 mihi
1580 3841 1704 3884 non
1731 3819 2088 3903 contigerit,
2115 3817 2496 3902 dicamquid
2518 3817 2808 3883 accidisse
2830 3820 3127 3906 suspicer.

968 3932 1227 4019 Scripsit
1286 3932 1734 4019 Aristophanes
1795 3954 2064 4010 versum,
2123 3932 2235 4016 qui
2295 3953 2466 3996 nunc
2512 3939 2606 3996 est
2652 3934 2802 4012 318,
2846 3940 2992 3998 ante
3036 3955 3123 3997 vs.

882 4047 1031 4124 317,
1079 4053 1144 4110 et
1189 4045 1469 4110 ordinem
1513 4046 1775 4111 invertit
1818 4026 2116 4110 librarius
2152 4044 2454 4131 deceptus
2490 4067 2637 4110 voce
2674 4045 2865 4124 λέγειν
2901 4047 2970 4111 in
3004 4046 3130 4111 fine

883 4181 1173 4225 versuum
1219 4162 1347 4224 316
1393 4166 1459 4223 et
1502 4162 1653 4225 318.
1703 4159 1947 4226 Multos
1985 4160 2291 4244 ejusmodi
2332 4182 2567 4225 errores
2604 4158 2731 4226 non
2769 4160 2835 4225 in
2873 4160 3127 4227 Graecis

855 4282 1132 4351 ¹tentum
1193 4273 1510 4339 codicibus
1569 4273 1677 4339 sed
1723 4274 1791 4339 in
1837 4274 1978 4340 aliis
2024 4295 2276 4358 quoque
2323 4273 2586 4339 inveniri
2631 4274 2722 4338 ita
2767 4282 3009 4340 constat
3052 4281 3130 4341 ut

882 4386 1162 4473 exempla
1207 4387 1422 4453 afferre
1466 4409 1999 4474 supervacaneum
2044 4387 2149 4452 sit.
2198 4384 2429 4471 Itaque
2472 4385 2747 4472 legatur:

1107 4503 1256 4567 317.
1306 4499 1444 4583 ὑπὲρ
1491 4498 1762 4575 ἐπιξήνου
1804 4500 2045 4575 θελήσω
2097 4486 2106 4493 ’
2136 4548 2598 4566 .....
2691 4502 2884 4582 λέγειν

1109 4615 1256 4679 318.
1302 4612 1415 4679 κᾶν
1458 4639 1534 4694 γε
1580 4614 1668 4694 μὴ
1713 4613 1872 4693 λέγω
1917 4614 2121 4679 δίκαιαι
2168 4610 2323 4693 μηδὲ
2368 4616 2450 4695 τῷ
2496 4615 2702 4690 πλήθει
2746 4616 2890 4682 δοκῶ
2933 4652 3027 4666 —
