3875 5634
1783 719 2249 767 sensnnxsns.
3003 703 3079 766 21

1126 890 1322 958 οὔκουν
1367 889 1442 956 σύ
1485 890 1548 970 γ’
1596 889 1671 956 ἂν
1716 890 1996 969 λαβοῦσα
2041 890 2154 964 τὰς
2198 891 2355 970 ἔμας
2398 891 2620 973 τύχας,

1123 1005 1344 1088 ἐχθροῦ
1391 1003 1620 1078 λέοντος
1666 1006 1922 1083 δυσμενῆ
1971 1003 2395 1084 βλαστήματα

1123 1118 1372 1196 ἤλαυνες
1416 1118 1492 1186 ἂν
1537 1125 1812 1193 κακοῖσιν,
1858 1117 2028 1184 ἄλλα
2071 1119 2373 1201 σωφρόνως

1127 1234 1335 1309 εἴασας
1381 1235 1552 1301 οἰκεῖν
1598 1232 1856 1317 'Amo-33
1904 1234 2076 1299 οὔτιν’
2121 1234 2196 1298 ἂν
2238 1231 2450 1308 πίθοις.

917 1348 1071 1415 VII.
1116 1352 1220 1415 An
1271 1347 1524 1414 Graecis
1566 1348 1765 1435 igitur
1807 1347 1994 1414 licuit
2037 1348 2163 1413 vim
2211 1348 2272 1412 vi
2318 1348 2668 1429 defendere,

1862 1465 1962 1530 τὸν
2006 1464 2069 1529 δὲ
2117 1465 2399 1545 Τήλεφον

1124 1581 1226 1645 οὐκ
1263 1576 1586 1658 οἶόμεσθας
1636 1584 1763 1652 νοῦς
1808 1576 1897 1660 ἄρ’
1949 1577 2086 1655 ἡμῖν
2132 1579 2233 1643 οὐκ
2277 1576 2371 1643 ἔνι.

881 1694 1068 1760 vm.
1119 1692 1292 1775 Quid
1340 1694 1539 1780 igitur
1586 1700 1680 1759 est
1724 1693 1887 1778 quod
1936 1691 2214 1780 Telepho
2257 1694 2402 1758 irati
2451 1713 2667 1760 sumus

1725 1800 1854 1872 εἶτα
1902 1806 1973 1880 335
2016 1805 2385 1886 θυμούμεθα

1122 1920 1421 1995 παθόντες
1464 1921 1626 1987 οὐδὲν
1673 1920 1875 2003 μεῖζον
1924 1920 1957 1996 ἢ
2008 1921 2380 2003 δεδρακότες

1129 2032 1297 2125 (εἶτα
1344 2058 1457 2125 pro
1502 2036 1551 2103 εἷ
1596 2036 1938 2117 Matthia03
1984 2037 2240 2103 fortasse
2264 2031 2391 2104 εἶτα
2418 2037 2686 2119 Τηλέφῳ
2706 2034 3120 2123 θυμούμεθα)

967 2151 1141 2218 Haec
1196 2153 1249 2218 si
1310 2176 1452 2219 vera
1511 2160 1681 2232 sunt,
1728 2161 1983 2240 apparet
2026 2175 2230 2239 neque
2274 2152 2734 2240 Dicaeopolidis
2780 2153 3128 2218 orationem

882 2276 1204 2334 centonem
1271 2290 1399 2333 esse
1464 2291 1497 2332 e
1559 2268 1749 2333 variis
1807 2266 2196 2334 sermonibus
2240 2274 2615 2350 consertum,
2663 2289 2868 2353 neque
2911 2288 3127 2332 verum

879 2383 1105 2449 vidisse
1151 2384 1522 2468 interpretes
1567 2383 1676 2467 qui
1723 2382 1797 2448 sr.
1852 2383 1998 2465 710,
2050 2385 2199 2460 711,
2253 2383 2376 2448 712
2427 2383 2670 2470 Ulyssis
2705 2382 2893 2448 verba
2932 2382 3122 2447 fuisse

879 2498 1236 2586 opinantur.
1296 2496 1548 2563 Mecum
1598 2497 1750 2563 facit
1792 2499 2251 2583 grammaticuS,
2299 2499 2409 2584 qui
2457 2498 2829 2586 hypothesin
2878 2496 3127 2584 scripsit

878 2637 1037 2700 quae
1077 2613 1230 2677 haec
1269 2611 1486 2678 habet:
1529 2612 1633 2678 καὶ
1674 2611 2011 2686 στολισθεὶς
2048 2621 2164 2687 τοῖς
2207 2615 2493 2696 Τηλέφου
2530 2615 2838 2695 ῥακώμασι
2876 2612 3133 2694 παρῳδεῒ

876 2731 972 2794 τὸν
1017 2729 1227 2795 ἐκείνου
1272 2728 1460 2806 λόγον.

965 2841 1219 2930 Optime
1281 2842 1553 2927 denique
1613 2864 1757 2907 cum
1823 2842 1898 2907 iis
1958 2864 2119 2927 quae
2180 2844 2436 2930 exposui
2483 2843 2800 2930 conspirat
2849 2842 3124 2908 testimo·

881 2959 1057 3023 nium
1123 2955 1328 3022 Schol.
1392 2957 1471 3021 ad
1534 2956 1796 3022 Aristid.
1845 2957 1968 3022 vol.
2017 2956 2108 3039 Π,
2156 2980 2217 3045 p.
2270 2960 2372 3038 19,
2421 2981 2456 3022 a
2501 2957 2791 3024 Nauckio
2838 2955 3120 3022 allatum.

876 3071 978 3137 Ad
1038 3069 1225 3136 verba
1286 3069 1611 3136 Aristidis:
1673 3072 1771 3137 τὸν
1832 3072 1894 3137 δὲ
1942 3071 2225 3153 Τήλεφον
2269 3073 2372 3138 οὐκ
2415 3070 2511 3137 οἴει
2556 3072 2639 3137 τα
2682 3073 2844 3137 αὐτὰ
2887 3076 3122 3147 ταῦτας

791 3177 799 3185 ’
872 3192 1166 3252 annotat:
1230 3184 1324 3259 τὶς
1379 3190 1493 3250 τῶν
1551 3191 1797 3258 ποιητῶν
1859 3184 2080 3265 εἰσάγει
2141 3187 2237 3252 τὸν
2298 3185 2581 3266 Τήλεφον
2639 3184 2979 3265 ἐλέγχοντα
3025 3185 3123 3250 τὸν

873 3300 1176 3369 Ὀδυσσέα
1237 3300 1301 3365 ἐκ
1355 3304 1468 3364 τῶν
1531 3301 1722 3365 αὐτῶν
1782 3302 1971 3380 λόγων
2017 3297 2111 3373 οὓς
2155 3302 2293 3382 πρὸς
2330 3303 2427 3368 τὸν
2474 3304 2760 3381 Τήλεφον
2806 3295 2947 3365 εἷπε.
2997 3299 3122 3365 Ad·

872 3415 969 3481 dit
1032 3413 1117 3480 N.
1183 3436 1401 3498 „quae
1460 3413 1684 3479 dubito
1745 3436 1896 3480 num
1954 3424 2123 3480 recte
2171 3439 2236 3481 se
2281 3414 2611 3481 habeant.'’
2658 3413 2897 3480 Verum
2942 3413 3120 3480 nulla

872 3537 967 3595 est
1035 3527 1369 3594 dubitandi
1438 3550 1656 3608 causa3
1720 3529 1912 3610 locus,
1980 3551 2117 3594 meo
2163 3528 2414 3615 quidem
2461 3528 2716 3607 iudicio,
2767 3551 2957 3595 sanus
3001 3536 3113 3594 est.

871 3643 1012 3708 Jam
1083 3666 1115 3707 e
1175 3643 1250 3707 fr.
1318 3645 1443 3709 706
1509 3642 1806 3707 efficimus
1866 3642 2139 3727 aliquem
2203 3641 2579 3709 Graecorum
2637 3642 2797 3707 male
2846 3641 3119 3730 Telepho

872 3756 1096 3822 dixisse
1165 3756 1354 3840 idque
1423 3754 1683 3843 Telephi
1754 3756 1978 3842 (ignoti
2034 3756 2265 3842 adhuc)
2332 3756 2516 3822 bilem
2572 3759 2853 3823 movisse.
2921 3756 3122 3824 Docet

871 3878 1078 3935 autem
1146 3869 1350 3934 Schol.
1416 3869 1678 3935 Aristid.
1738 3868 2043 3937 Graecum
2090 3871 2274 3936 illum
2323 3871 2513 3937 fuisse
2561 3871 2866 3958 Ulyssem.
2918 3871 3119 3938 Simul

872 4009 984 4051 nos
1028 3985 1211 4050 docet
1254 3984 1408 4069 quid
1455 3983 1563 4049 ille
1613 3984 1854 4050 dixerit.
1897 3985 2054 4073 Regi
2093 3986 2413 4072 Mysorum
2456 3988 2609 4051 vitio
2653 3994 2928 4052 verterat
2950 3986 3117 4072 quod

874 4122 1013 4165 cum
1085 4098 1337 4163 Graecis
1411 4121 1775 4184 congressus
1837 4110 1990 4180 erat,
2054 4111 2118 4166 et
2178 4099 2436 4188 probare
2498 4111 2758 4167 conatus
2805 4109 2938 4166 erat
2982 4102 3119 4167 iure

872 4214 1140 4280 Graecos
1202 4211 1547 4300 Telephum
1595 4213 1971 4293 vulnerasse,
2021 4223 2097 4279 ut
2141 4240 2206 4279 se
2254 4215 2656 4281 defenderent
2703 4215 2960 4281 scilicet.
3011 4214 3122 4281 Te-

870 4329 1091 4414 lephus
1137 4336 1346 4393 autem
1400 4326 1615 4392 eodem
1662 4337 2051 4412 argumento,
2101 4329 2315 4394 eadem
2364 4352 2489 4395 non
2537 4332 2764 4415 scripta
2813 4330 2921 4394 sed
2967 4340 3116 4395 nata

868 4444 1006 4530 lege
1052 4443 1258 4510 utitur
1305 4441 1672 4529 probatque,
1722 4446 1774 4508 si
1815 4443 2068 4508 Graecis
2106 4444 2357 4509 licuerit
2393 4469 2456 4509 se
2495 4444 2843 4524 defendere,
2873 4468 3116 4511 summo

871 4558 1007 4623 iure
1053 4557 1213 4621 idem
1263 4556 1510 4622 licuisse
1559 4559 1684 4643 regi
1735 4558 1914 4623 cuius
1959 4558 2110 4622 fines
2155 4560 2561 4623 transiissent.
