3875 5634
1902 636 2119 683 nunus.
2998 617 3084 682 48

895 803 1010 889 Eq.
1085 805 1233 884 611,
1308 805 1497 869 1885.
1558 801 1889 882 Ἀντιβολῶ
1949 805 2134 875 etiam
2196 803 2575 871 comicorum
2636 811 2751 882 est,
2814 803 2890 869 cf.
2954 802 3126 870 Nub.

898 919 1047 996 224,
1096 913 1269 982 Plut.
1319 920 1451 981 444
1498 923 1562 981 et
1607 917 1855 1005 passim,
1906 939 2109 1002 neque
2155 920 2400 984 numeri
2445 919 2664 1005 tragici
2708 926 2874 984 sunt.

893 1127 1005 1194 Vs.
1060 1120 1220 1192 138.
1559 1135 1740 1204 τηλοῦ
1786 1129 1901 1211 γάρ
1949 1130 2075 1196 οἰκῶ
2122 1135 2233 1195 τῶν
2276 1132 2486 1212 άγρῶν.

985 1242 1191 1308 Schol.
1237 1243 1513 1309 λέλεκτάι
1561 1244 1623 1309 δὲ
1667 1244 1810 1310 αὐτὸ
1858 1245 2019 1323 παρὰ
2062 1246 2129 1310 τὸ
2174 1243 2549 1325 Εὐριπίδειον,
2589 1241 2722 1326 ὅπερ
2758 1240 2936 1316 οὕτως
2975 1241 3130 1323 ixa:

1403 1363 1582 1432 τηλοῦ
1623 1358 1739 1441 γάρ
1783 1357 1944 1424 οἴκων
1990 1356 2182 1437 βίοτον
2224 1355 2634 1441 ἐξιδρυσάμην.

984 1471 1172 1553 Quod
1233 1470 1453 1538 dubito
1512 1494 1662 1539 num
1723 1495 1937 1538 verum
2000 1474 2101 1538 sit.
2166 1471 2333 1560 Loco
2378 1471 2699 1559 Euripidis
2745 1475 2926 1546 τηλοῦ
2972 1468 3132 1537 οἴκων

890 1596 1017 1653 est:
1072 1589 1292 1671 procul
1353 1612 1394 1651 a
1453 1589 1729 1666 domibus,
1780 1587 2221 1675 Aristophanis
2266 1596 2477 1653 autem
2525 1592 2705 1661 τηλοῦ
2749 1590 2863 1650 τῶν
2906 1587 3129 1667 άγρῶνε

879 1702 1099 1785 procul
1144 1698 1243 1785 (ab
1294 1700 1469 1784 urbe)
1516 1702 1575 1765 in
1624 1703 1805 1785 apris,
1852 1704 2003 1768 ruri.
2059 1706 2262 1768 Sonus
2305 1709 2554 1768 tantum
2602 1700 2931 1768 verborum
2970 1701 3133 1766 simi·

893 1814 970 1879 lis
1022 1796 1136 1896 est,
1184 1813 1394 1880 differt
1438 1817 1839 1882 constructio.
1886 1817 1976 1881 At
2015 1822 2198 1892 τηλοῦ
2236 1825 2331 1882 est
2373 1815 2629 1882 verbum
2668 1817 2913 1903 epicum
2950 1816 3133 1899 (com-

892 1929 1095 2016 posita
1157 1927 1430 1995 adverbii
1475 1937 1638 2003 τῆλε.
1685 1931 2014 2011 τηλαυγὴς,
2060 1930 2439 2006 τηλεσκόπος.
2485 1906 2832 2011 τηλεφανής
2876 1950 2972 2015 ap.
3022 1930 3129 1993 Ar.

892 2064 1018 2108 non
1082 2041 1199 2108 nisi
1262 2042 1327 2108 in
1390 2045 1759 2131 anapaestis,
1813 2045 1877 2110 in
1927 2043 2303 2125 carminibus
2349 2043 2609 2110 choricis
2655 2049 2719 2107 et
2763 2043 2828 2107 in
2879 2041 3132 2128 parodia

893 2156 1216 2243 leguntur)
1276 2158 1440 2243 quod
1490 2156 1586 2224 bis
1631 2159 1695 2223 in
1745 2158 1895 2224 Eur.
1947 2157 2200 2243 legitur,
2248 2158 2354 2224 hic
2401 2166 2466 2223 et
2513 2156 2679 2243 Cycl.
2735 2158 2881 2220 689.
2934 2154 3131 2220 Habe-

894 2293 1037 2336 mus
1084 2272 1280 2357 igitur
1325 2271 1640 2359 parodiam
1689 2272 1794 2338 sed
1841 2274 2166 2338 cuiusnam
2212 2272 2332 2338 loci
2381 2293 2505 2337 non
2552 2271 2774 2356 liquet.

893 2484 1002 2550 Vs.
1054 2477 1217 2548 335.
1267 2486 1444 2549 ταῦτ’
1506 2484 1596 2566 ἄρ’
1655 2486 1871 2551 ἐποίουν
1926 2487 2105 2566 ὑγρᾶν
2142 2489 2430 2569 Νεφελᾶν
2472 2485 2930 2565 πράπάίγλάν
2977 2484 3132 2549 δάϊον

776 2577 784 2586 .
2746 2598 2958 2686 [ὁρμὰν
3006 2601 3125 2665 xri.

985 2715 1319 2803 Ampullas
1380 2714 1968 2801 dithyrambicorum
2031 2716 2210 2782 ridet.
2261 2714 2640 2781 Scholiasta:
2686 2715 3006 2780 αἰνίττεται
3053 2716 3133 2788 εἰς

893 2832 1026 2904 τοὺς
1090 2829 1219 2913 περὶ
1281 2830 1552 2906 Κινησίαν
1610 2829 1716 2896 καὶ
1780 2826 2078 2906 Φιλόξενον
2134 2830 2239 2896 xx}
2302 2829 2619 2908 Κλεομένη,
2669 2851 2855 2915 quem
2903 2851 3133 2894 errasse

893 2953 1276 3010 monuerunt
1334 2942 1528 3009 Mein.
1580 2943 1661 3009 H.
1713 2943 1812 3010 Cr.
1860 2967 1921 3031 p.
1974 2947 2055 3007 89
2105 2951 2169 3009 et
2218 2945 2366 3008 228.
2415 2941 2638 3030 Bergk.
2688 2942 2762 3008 fr.
2811 2940 2975 3007 Phil.
3027 2945 3130 3032 18.

892 3057 984 3123 Cf.
1039 3055 1336 3123 Ribbeck.
1382 3057 1500 3123 Die
1549 3080 1679 3145 par.
1733 3058 1788 3122 b.
1838 3057 1898 3124 d.
1950 3060 2084 3123 Att.
2133 3057 2313 3124 Kom.
2362 3056 2654 3123 Zeitschr.
2701 3058 2743 3122 s.
2791 3057 2853 3121 d.
2903 3055 3129 3142 Gymu.

894 3170 1092 3237 XVII
1141 3194 1201 3259 p.
1252 3174 1401 3238 889.

894 3375 1003 3441 Vs.
1056 3366 1217 3439 536.
1267 3374 1555 3453 γνώσεται
1599 3374 1733 3454 γάρ,
1781 3373 1957 3454 ἥνπερ
2003 3373 2125 3454 ran,
2170 3374 2475 3455 τάδελφοῦ
2519 3375 2615 3439 τὸν
2662 3372 3007 3454 βόστρυχον.

982 3490 1077 3556 Ex
1126 3488 1348 3555 Aesch.
1398 3487 1670 3577 Choeph.
1725 3490 1849 3553 168
1897 3512 2029 3574 sqq.
2080 3487 2188 3593 054
2218 3487 2371 3554 Eur.
2419 3487 2517 3553 El.
2572 3492 2697 3553 509
2744 3509 2877 3573 sqq.

892 3689 1001 3755 Vs.
1054 3682 1215 3754 583.
1487 3687 1698 3770 βροντῆ
1742 3687 1812 3753 δ”
1844 3687 2051 3770 ἐρράγη
2101 3689 2174 3752 δι’
2219 3689 2550 3767 ἀστραπῆς.

985 3802 1189 3867 Schol.
1240 3803 1402 3885 παρά
1449 3800 1528 3867 τά
1574 3802 1633 3867 ἐν
1679 3800 1915 3882 Τεύκρῳ
1961 3800 2364 3882 Σοφοκλέουςτ

1993 3917 2225 3996 οὐρανοῦ
2271 3916 2325 3979 δ’
2371 3914 2490 3980 ἄπο

1310 4029 1597 4110 ἥπροιψε,
1647 4029 1858 4111 βροντη
1905 4030 1959 4093 δ’
2007 4029 2214 4110 ἐρράγη
2262 4029 2333 4092 δι’
2381 4030 2706 4109 άστράπῆς.

978 4146 1052 4210 fr.
1107 4146 1231 4208 517
1283 4140 1388 4224 N.,
1442 4144 1565 4207 507
1619 4141 1695 4205 D.

890 4341 999 4408 Vs.
1052 4336 1212 4406 595.
1329 4342 1506 4421 άμφί
1549 4365 1647 4419 μοι
1694 4334 1857 4417 αὖτε,
1910 4340 2084 4417 Φοῖβ’
2132 4337 2287 4409 ἄναξ
2337 4340 2521 4411 Δήλιε
2566 4341 2682 4407 nri.

983 4456 1185 4521 Schol.
1235 4457 1300 4520 ἐκ
1345 4460 1458 4520 τῶν
1505 4453 1874 4536 Τερπάνδρου
1920 4456 2235 4533 προοιμίων.
2288 4451 2513 4535 Bergk.
2563 4454 2634 4517 fr.
2681 4452 2863 4540 Terp.
2914 4457 2986 4517 2:
