3875 5634
1825 738 2294 787 acmnmses.
3055 720 3139 785 13

933 906 1104 993 quod
1147 915 1360 974 tamen
1407 909 1547 974 iure
1593 908 1658 974 in
1705 906 1968 975 dubium
2014 909 2216 975 vocari
2255 915 2489 998 potest,
2536 930 2572 972 a
2616 929 2793 974 verae
2843 908 2996 973 artis
3041 908 3188 994 legi·

933 1021 1052 1088 bus
1097 1022 1407 1089 aberravit
1417 1050 1436 1104 ς
1482 1022 1612 1102 sed,
1658 1022 1828 1109 quod
1872 1023 2233 1105 dolendum,
2281 1022 2506 1089 horum
2543 1023 2917 1104 dramatum,
2960 1021 3181 1105 Oenei,

932 1136 1284 1218 Phoenicis,
1346 1136 1755 1219 Philoctetae,
1814 1137 2332 1226 Bellerophontis,
2396 1121 2782 1220 CressarumJ
2820 1137 2998 1217 Inus,
3048 1137 3187 1203 nul·

932 1253 1067 1320 lum
1130 1262 1446 1321 servatum
1507 1256 1621 1334 est,
1688 1255 1777 1319 ita
1837 1262 1913 1320 ut
1970 1277 2003 1318 e
2049 1255 2234 1320 certis
2278 1253 2669 1321 documentis
2716 1251 3034 1320 iudicandi
3081 1275 3185 1340 op·

929 1369 1386 1454 portunitatem
1452 1391 1579 1435 nou
1639 1368 1993 1435 habeamus,
2058 1367 2154 1434 De
2218 1390 2344 1435 uno
2387 1367 2663 1456 Telepho
2710 1367 2862 1434 satis
2909 1374 3178 1446 constat,

933 1484 1043 1570 qui
1111 1485 1177 1551 in
1239 1493 1440 1552 castra
1501 1484 1882 1552 Graecorum
1944 1485 2134 1567 venit,
2197 1535 2239 1566 „
2261 1484 2600 1565 mendicus,
2667 1483 2954 1570 squalida
3018 1506 3186 1570 saep-

934 1606 1041 1665 tus
1087 1600 1314 1667 stola'’.

1021 1713 1256 1780 Nostra
1314 1738 1458 1782 vero
1520 1725 1692 1783 aetas
1751 1715 1901 1781 talia
1959 1716 2196 1801 tragico
2243 1715 2499 1782 minime
2547 1714 2702 1782 vitio
2747 1716 2956 1796 vertit,
3005 1713 3188 1780 offen·

933 1827 1167 1894 debant
1226 1851 1370 1896 vero
1432 1830 1666 1897 multos
1712 1853 1787 1897 ex
1832 1827 2345 1910 Atheniensibus,
2393 1830 2505 1917 qui
2548 1829 2733 1896 hosce
2779 1828 3006 1896 veteris
3050 1829 3184 1896 aevi

931 1965 1109 2029 reges
1155 1951 1475 2028 tamquam
1523 1944 1740 2011 heroes
1786 1942 2244 2012 venerabantur
2290 1943 2389 2012 vel
2433 1942 2799 2012 metuebant
2844 1944 3057 2032 potius
3106 1967 3184 2011 ne

930 2056 1085 2143 quid
1130 2057 1428 2145 dignitati
1473 2060 1747 2145 tragicae
1789 2059 2221 2127 detraheretur
2265 2060 2317 2126 si
2365 2060 2458 2126 ini
2506 2059 2867 2126 mortalium
2916 2058 3170 2126 modum

929 2195 1054 2238 nou
1093 2172 1480 2243 excederent.
1530 2171 1703 2256 Quid
1747 2197 1892 2240 vero
1938 2196 2063 2241 non
2110 2175 2586 2262 vituperassent‚
2614 2173 2768 2261 quid
2794 2196 2917 2241 non
2943 2174 3180 2239 Aristo·

930 2287 1167 2376 phanes
1204 2289 1276 2369 si,
1318 2297 1395 2355 ut
1434 2311 1631 2355 unum
1672 2289 1917 2355 afferam
1955 2289 2325 2377 exemplum,
2368 2287 2724 2377 Shaksperii
2768 2311 2975 2375 regem
3018 2286 3180 2354 Lear

931 2403 996 2468 in
1042 2426 1227 2469 scena
1273 2402 1681 2491 adspexisset!
1743 2405 2023 2471 Eandem
2068 2426 2256 2491 quam
2305 2406 2416 2470 Ar.
2461 2427 2589 2471 rem
2640 2404 2856 2489 tetigit
2905 2404 3179 2470 comicus

930 2516 1241 2585 Timocles
1285 2518 1348 2583 in
1403 2517 1880 2604 DionysiazusiS,
1930 2518 2125 2585 Mein.
2176 2517 2304 2584 III.
2353 2542 2416 2607 p.
2470 2522 2614 2585 593.

1285 2634 1418 2708 τοὺς
1465 2634 1576 2712 μὲν
1619 2633 1952 2715 τραγῳδοὺς
1998 2639 2236 2716 πρῶτον,
2283 2633 2332 2698 εἱ
2377 2632 2596 2715 βούλει,
2643 2633 2844 2699 σκόπει

1289 2749 1364 2821 ὥς
1409 2750 1703 2829 ὠφελοῦσι
1747 2748 2006 2822 πάντας·
2050 2749 2078 2813 ὁ
2123 2748 2232 2826 μὲν
2278 2749 2394 2830 γὰρ
2441 2748 2516 2812 ὢν
2563 2747 2743 2823 πένης

1287 2864 1656 2947 πτωχότερον
1697 2865 1878 2931 αὑτοῦ
1923 2862 2306 2943 καταμαθὼν
2349 2865 2447 2930 τὸν
2496 2863 2782 2946 Τήλεφον

1285 2978 1592 3058 γενόμενον
1636 2978 1744 3055 ἤδη
1790 2981 1898 3053 τὴν
1943 2978 2147 3044 πενίαν
2190 2983 2321 3062 ῥᾷον
2367 2979 2526 3061 Φέρει
2574 2979 2694 3044 xri.

944 3206 1045 3273 Vs.
1093 3198 1260 3269 430.
1599 3203 1702 3275 οἷδ’
1745 3209 1927 3293 ἄνδρα
1973 3212 2176 3277 Μυσὸν
2221 3210 2521 3292 Τήλεφον.

1022 3322 1125 3388 Fr.
1177 3326 1325 3391 703.
1386 3322 1569 3390 Teste
1626 3323 2073 3412 Olympiodoro
2118 3351 2152 3391 e
2197 3324 2471 3412 Telepho
2516 3323 2856 3410 Euripidis,
2907 3321 3176 3389 Fallitur

932 3445 1144 3504 tamen
1212 3437 1696 3525 Olympiodorus
1764 3439 1874 3505 ubi
1934 3438 2012 3504 de
2073 3437 2275 3505 verbis
2336 3439 2619 3505 Platonis
2676 3438 2868 3524 Gorg.
2933 3459 2995 3524 p.
3059 3439 3180 3502 251

933 3551 981 3616 εἰ
1043 3551 1136 3618 σοὶ
1200 3552 1402 3618 Μυσόν
1463 3578 1537 3632 γε
1595 3551 1751 3628 ἥδιον
1811 3561 2017 3619 καλεῖν
2075 3552 2324 3619 scribit:
2372 3554 2406 3628 ἦ
2452 3554 2735 3635 παροιμία
2779 3550 2930 3627 αὕτη
2978 3554 3044 3618 ἐκ
3086 3556 3189 3618 τοῦ

934 3667 1222 3749 Τηλέφου
1267 3667 1429 3734 ἐστὶν
1476 3667 1811 3749 Εὐριπίδου.

934 3892 1043 3960 Vs.
1092 3887 1260 3959 435.
1432 3892 1474 3960 ὦ
1522 3900 1636 3962 Ζεῦ
1682 3896 1893 3963 διόπτα
1938 3896 2043 3962 καὶ
2090 3898 2367 3962 κατόπτα
2412 3902 2723 3976 πανταχῆ.

1024 4007 1231 4075 Verba
1275 4011 1531 4095 tragica.
1582 4009 1726 4097 Ipsa
1772 4008 2038 4090 alicuius
2082 4011 2301 4095 tragici
2351 4006 2535 4076 verba
2579 4032 2710 4075 esse
2756 4010 2984 4075 statuit
3029 4006 3183 4074 Mei-

932 4123 1110 4204 neke‚
1158 4122 1346 4189 vind.
1401 4127 1510 4189 Ar.
1559 4147 1622 4210 p.
1670 4130 1729 4203 8,
1776 4125 1853 4189 ad
1892 4126 2321 4193 testimonium
2360 4147 2586 4191 vocans
2622 4126 2984 4211 scriptorem
3010 4123 3174 4188 vitae

932 4238 1134 4320 Arati,
1184 4238 1296 4325 qui
1340 4238 1407 4304 in
1450 4239 1575 4304 fine
1622 4238 1774 4305 haec
1820 4247 2155 4305 memorat:
2204 4238 2289 4306 ὅτι
2334 4239 2438 4305 καὶ
2487 4240 2535 4305 οἱ
2571 4239 2810 4313 ποιηταὶ
2848 4237 3180 4313 πανόπτην,

930 4359 1175 4420 καλοῦσι
1222 4358 1570 4434 πανταχοῦ·
1616 4348 1659 4418 ὦ
1706 4359 1821 4420 Ζεῦ
1866 4354 2208 4421 παντόπτα·
2252 4353 2357 4420 καὶ
2397 4354 2582 4427 ἠέλιος
2620 4351 2682 4426 ὃς
2721 4352 2900 4418 πάντ’
2942 4354 3177 4434 ἐφορᾷς.

930 4490 1092 4553 quae
1134 4466 1429 4534 Meineke
1468 4469 1556 4533 sic
1592 4469 1904 4534 restituit:
1946 4467 2031 4534 ὅτι
2069 4469 2173 4534 καὶ
2211 4469 2260 4534 οί
2297 4467 2534 4543 ποιηταὶ
2573 4469 2881 4542 πανόπτην
2906 4471 3172 4533 καλοῦσι.

933 4578 977 4646 ὦ
1025 4589 1139 4649 Ζεῦ
1185 4581 1473 4648 πανόπτα
1517 4581 1624 4648 καὶ
1668 4584 1950 4648 κατόπτα
1997 4587 2333 4664 πανταχοῦ.
