3875 5634
1838 671 2073 716 nanas.
2904 658 3030 721 143

921 837 1098 903 Idem
1161 839 1290 903 fere
1350 836 1656 902 scholium
1716 838 1953 924 legitur
1998 839 2075 902 ad
2125 841 2274 920 467,
2322 863 2529 928 neque
2577 841 2691 905 hoc
2739 843 3077 927 integrum.

836 951 998 1033 Quis
1044 953 1210 1015 enim
1259 951 1605 1034 intellegit:
1655 952 1782 1015 ἐκεῖ
1815 952 1929 1032 γὰρ
1972 958 2218 1024 τοιοῦτος
2245 949 2309 1025 ἦν
2334 954 2678 1033 σπουδάζων
2702 955 2807 1019 xxi
2835 963 3081 1022 τοικῦτκ

834 1066 996 1144 λέγει
1064 1067 1201 1146 πρὸς
1267 1067 1365 1130 τὸν
1429 1066 1682 1133 Minox?
1743 1065 1890 1130 Sine
1952 1065 2144 1130 dubio
2206 1068 2408 1131 voluit
2469 1068 2579 1155 qui
2642 1067 2793 1133 haec
2839 1071 3086 1156 scripsit

833 1186 1083 1245 τοιαῦτα
1148 1180 1309 1258 λέγει
1348 1180 1374 1244 ὁ
1426 1180 1668 1254 Θησεύς.
1722 1180 2013 1266 Suspicor
2057 1181 2396 1264 genuinam
2442 1182 2813 1268 scripturam
2859 1183 3084 1249 fuisse:

833 1296 960 1359 ἐκεῖ
999 1294 1115 1374 γάρ
1159 1318 1244 1359 τοι
1282 1289 1445 1368 οὗτος
1492 1295 1554 1378 (i.
1597 1318 1648 1358 e.
1688 1293 1985 1371 Theseus,
2028 1295 2209 1360 cuius
2232 1318 2453 1360 nomen
2481 1297 3000 1381 praecedentibus
3028 1299 3085 1361 ἕν

834 1409 916 1487 τῷ
964 1416 1157 1482 Θησεῖ
1194 1408 1562 1485 πεποιημέναι
1608 1408 1791 1491 inest)
1844 1403 1969 1493 [ἦν]
2017 1408 2359 1489 σπουδάζων
2411 1407 2573 1493 [xxi]
2623 1416 2873 1474 τοικῦτκ
2929 1413 3077 1484 κτέ.,

839 1528 903 1585 et
962 1543 1037 1585 ex
1103 1521 1216 1584 hoc
1278 1520 1513 1585 scholio
1577 1521 1866 1600 alterum,
1927 1522 2094 1609 quod
2155 1543 2325 1586 nunc
2380 1522 2457 1585 ad
2509 1544 2595 1586 vs.
2647 1525 2776 1587 475
2827 1523 3082 1608 legitur,

839 1633 993 1698 Τοίοι
1061 1634 1314 1711 Στυγός.
1385 1635 1507 1697 κτὲ.
1579 1633 1851 1698 fluxisse.
1911 1632 2100 1719 Legit
2162 1634 2323 1698 enim
2387 1635 2497 1722 qui
2559 1637 2733 1721 prius
2780 1637 3085 1703 scholium

839 1747 1168 1833 descripsit
1216 1750 1342 1813 ἐκεῖ
1380 1748 1495 1828 γὰρ
1541 1753 1809 1825 τοιοῦτος,
1859 1771 2021 1833 quae
2058 1772 2137 1813 ne
2184 1749 2352 1813 omui
2398 1772 2583 1815 sensu
2631 1760 2934 1830 carerent,
2981 1747 3088 1818 οἷος

840 1864 1096 1927 ε’ντοιῦθκ
1156 1862 1378 1943 παίζων
1425 1861 1686 1928 addidit.
1729 1862 1959 1927 Omnia
2004 1865 2068 1927 in
2116 1864 2367 1929 scholiis
2414 1865 2671 1930 confusa
2717 1874 2781 1930 et
2827 1867 3091 1932 distorta

842 1999 972 2040 esse
1020 1987 1277 2063 apparet
1324 1999 1574 2066 quoque
1622 2000 1654 2040 e
1705 1976 1905 2041 verbis
1953 1975 2157 2041 Schol.
2200 1980 2323 2042 467
2370 1977 2647 2043 διστάσαι
2685 1979 2747 2043 δὲ
2787 1978 2859 2043 ἄν
2884 2003 2972 2052 τις
2997 1979 3082 2057 μὴ

844 2090 943 2155 xxi
1007 2096 1208 2155 ταῦτα
1255 2098 1531 2168 μιμεῑτοιι
1576 2087 2030 2170 Ἀριστοφάνης.
2082 2090 2399 2170 προείρηται
2447 2088 2531 2154 ἔτι
2578 2092 2762 2164 πολὺς
2807 2094 2864 2156 έν
2909 2092 3093 2172 τούτῳ

844 2206 925 2284 τῷ
971 2205 1123 2281 γένει
1166 2203 1328 2269 ἐστὶν
1374 2203 1829 2284 Ἀριστοφάνης,
1878 2226 2037 2291 quae
2082 2204 2293 2289 inepte
2335 2204 2483 2268 mihi
2522 2205 2814 2270 videntur
2856 2206 2933 2271 ad
2962 2208 3087 2271 467

845 2326 958 2383 aut
1019 2323 1147 2382 465
1209 2318 1539 2404 adscripta,
1602 2341 1740 2382 cum
1800 2319 1864 2380 in
1928 2317 2443 2403 praecedentibus
2492 2319 2669 2382 nulla
2715 2321 3083 2385 imitationis

847 2433 1086 2496 mentio
1133 2433 1293 2496 facta
1343 2433 1446 2509 sit,
1494 2440 1558 2494 et
1605 2438 1742 2516 post
1791 2432 1918 2494 470
1969 2431 2218 2494 demum
2267 2454 2453 2496 suum
2503 2431 2737 2496 habent
2781 2434 3011 2499 locum.

941 2544 1102 2609 Cum
1164 2546 1360 2630 igitur
1420 2568 1600 2609 omne
1658 2545 1981 2609 evannerit
2040 2545 2327 2631 parodiae
2384 2546 2686 2611 indicium
2759 2571 2876 2612 vsa
2943 2554 3093 2631 465,

848 2662 1000 2738 467,
1072 2658 1516 2746 inquirendum
1588 2666 1680 2723 est
1734 2659 1798 2722 in
1854 2666 2205 2746 sequentes,
2269 2661 2379 2749 qui
2417 2660 2654 2725 Theseo
2701 2661 3097 2743 tribuuntur,

850 2797 966 2836 vss,
1013 2774 1389 2838 470—475.

851 3062 960 3127 Vs.
1009 3054 1419 3126 470—475.
1478 3062 1605 3125 τοίκ
1651 3060 1882 3138 Στυγός
1929 3085 1997 3125 σε
2042 3060 2494 3143 μελανοκάρδιος
2542 3062 2730 3143 πέτρα

1481 3175 1851 3255 Ἀχερόντιός
1896 3200 1965 3239 τε
2008 3178 2293 3248 σκόπελος
2338 3176 2799 3255 οιὶμοιτοστοιγῆς

1478 3294 1797 3369 Φρουροῦσι,
1849 3294 2121 3353 Κωκυτοῦ
2172 3312 2237 3352 τε
2279 3288 2602 3369 περίδρομοι
2651 3289 2834 3362 κύνες,

1477 3398 1743 3481 ’Έχιδνοὶ
1790 3403 1836 3465 θ’
1896 3401 2402 3482 ἐκκτογκέφοιλος,
2443 3399 2476 3475 ἣ
2516 3401 2598 3465 τοὶ
2633 3401 2978 3482 σπλάγχνα
3002 3426 3104 3468 σου

1479 3511 1883 3595 διοισποιροὶξει,
1932 3514 2273 3591 πλευμόνων
2320 3515 2373 3579 τ’
2422 3515 2755 3594 &nodatam

1480 3628 1828 3709 Τοιρτησσίοι
1877 3627 2150 3707 μύραιναι.

947 3793 1010 3857 Si
1057 3792 1424 3858 scholiastas
1470 3791 1783 3868 audimus,
1832 3791 1982 3854 haec
2028 3790 2352 3876 Euripidis
2402 3791 2585 3855 verba
2626 3817 2658 3856 e
2695 3792 2933 3857 Theseo
2974 3793 3109 3858 dra·

859 3914 1024 3971 mate
1069 3908 1368 3971 referunt.
1419 3905 1650 3970 Extant
1701 3904 1935 3969 scholia
1981 3927 2141 3990 quae
2185 3903 2297 3968 hoc
2338 3913 2652 3969 testantur
2691 3905 2769 3969 ad
2812 3929 2924 3970 vss.
2953 3909 3104 3987 470,

860 4023 1011 4100 473,
1077 4025 1227 4099 475,
1290 4021 1418 4099 sed,
1467 4028 1542 4083 ut
1588 4020 1706 4083 iam
1759 4020 1967 4083 statim
2021 4019 2187 4106 quod
2236 4020 2499 4083 sentiam
2549 4020 2770 4100 dicam,
2818 4023 2956 4085 lucie
3002 4030 3110 4086 tes-

860 4134 1101 4197 timonio
1132 4157 1326 4215 parca
1358 4136 1516 4218 fides
1560 4135 1821 4196 habenda
1870 4140 1956 4195 est
2000 4156 2200 4216 neque,
2243 4156 2328 4195 me
2369 4134 2578 4211 iudice,
2621 4156 2731 4198 res.
2758 4136 3107 4199 «mo—475

857 4271 987 4311 cum
1054 4250 1324 4311 dramate
1397 4248 1603 4310 Theseo
1664 4246 1903 4329 aliquid
1956 4267 2244 4309 commune
2303 4246 2544 4310 habent.
2613 4246 2804 4326 Quod
2852 4247 3109 4332 probare

863 4358 1151 4425 conabor.

953 4476 1011 4539 l.
1062 4474 1161 4538 Ad
1204 4475 1332 4538 470
1371 4473 1711 4559 pertinent,
1747 4480 1823 4538 ut
1861 4472 2140 4558 exposui,
2183 4471 2390 4538 Schol.
2436 4474 2569 4537 467
2600 4476 2995 4554 ποιρκπλήσικ
3018 4512 3109 4525 -
