3875 5634
865 715 992 776 194
1739 728 2146 774 rucuma,
2250 798 2255 803 „

820 895 900 959 ad
959 895 1076 978 Eq.
1147 897 1338 957 1244.
1401 892 1565 957 Risit
1621 904 1804 980 poeta
1860 895 2330 980 Sannyriouem,
2377 894 2709 974 Meletutn‚
2758 895 3065 962 Ciuesiam

823 1008 901 1071 ob
959 1008 1234 1094 corporis
1293 1008 1569 1071 maciem.
1620 1007 1713 1073 Cf.
1765 1008 1957 1074 Mein.
2006 1011 2090 1075 H.
2140 1008 2243 1074 Cr.
2292 1032 2351 1096 p.
2403 1010 2565 1087 263;
2617 1010 2690 1074 fr.
2742 1008 2932 1076 Sann.
2984 1010 3068 1076 ib.

825 1118 899 1183 Π
947 1142 1008 1205 p.
1061 1122 1224 1198 8733
1274 1119 1480 1185 Schol.
1522 1119 1680 1185 Ran.
1734 1099 1880 1199 153,
1931 1123 2124 1187 1437.

828 1235 930 1300 Fr.
986 1227 1191 1297 l99a.
1233 1231 1350 1307 ἥκω
1398 1235 1710 1314 Θεαρίωνος
1759 1235 2113 1314 ἀρτοπώλιον

1229 1349 1434 1424 λιπὼν,
1480 1345 1546 1410 ἵν’
1597 1346 1725 1411 ἐστὶ
1772 1346 2056 1427 κριβάνων
2104 1348 2334 1413 ἑδώλια.

918 1459 1008 1523 Ex
1076 1459 1290 1524 eodem
1352 1458 1650 1524 Hecubae
1713 1461 1869 1525 loce.
1936 1461 2170 1526 Athen.
2233 1461 2339 1526 III
2387 1484 2439 1525 c.
2495 1465 2597 1541 78,
2647 1484 2706 1547 p.
2760 1465 2923 1526 112:
2971 1462 3075 1527 καὶ

828 1573 1265 1654 Ἀριστοφάνης
1336 1574 1393 1636 ἕν
1456 1574 1758 1653 Γηρυτάδῃ
1824 1574 1922 1638 καὶ
1984 1576 2374 1639 Αἰολοσίκωνι·
2436 1572 2553 1647 ἥκω
2615 1576 2739 1639 κτὲ.
2790 1575 3077 1655 Dindorf,

827 1687 965 1751 iure
1033 1694 1110 1750 ut
1177 1686 1335 1750 mihi
1395 1685 1667 1763 videtur,
1731 1688 2087 1772 suspicatur
2151 1688 2339 1752 semel
2411 1694 2663 1752 tantum
2709 1687 2822 1751 hos
2866 1712 3080 1754 versus

833 1801 1144 1886 scripsisse
1218 1799 1720 1885 Aristophanem.
1784 1799 2132 1886 Gerytadae
2194 1824 2296 1865 eos
2358 1800 2600 1865 tribuit.
2661 1801 2896 1866 Eadem
2953 1803 3080 1867 fere

831 1920 1021 1997 atque
1081 1913 1146 1977 in
1211 1911 1470 1977 Hecuba
1532 1914 1915 1977 constructio
1977 1914 2298 1978 invenitur
2344 1912 2565 1979 Troad.
2619 1917 2678 1991 1,
2732 1912 2849 1987 ἥκω
2897 1916 3080 1979 λιπὼν

838 2024 1083 2104 Αἴγαιον
1144 2025 1402 2106 άλμυρὲν
1464 2026 1665 2106 βάθος,
1722 2049 1905 2111 quam
1974 2027 2258 2092 imitatus
2320 2036 2412 2092 est
2468 2027 2835 2106 Menander,
2882 2027 3081 2092 Mein.

836 2137 934 2202 IV
978 2162 1037 2223 p.
1094 2143 1239 2217 174,
1288 2137 1408 2212 ἥκει
1453 2142 1637 2204 λιπὼν
1684 2138 1927 2217 Αἴγαιον
1975 2141 2234 2221 άλμυρὲν
2283 2140 2484 2217 βάθος,
2527 2140 2537 2230 Ι
2580 2141 2866 2222 Θεόφιλος
2915 2143 3080 2219 ἡμῖν,

839 2253 1064 2317 deinde
1113 2254 1264 2318 Eur.
1313 2254 1546 2317 Electr.
1599 2257 1791 2333 1:281,
1841 2253 2068 2319 Bacch.
2124 2258 2179 2334 1,
2234 2257 2380 2332 661,
2430 2255 2503 2318 fr.
2560 2257 2746 2318 1069.

842 2368 944 2432 Fr.
996 2360 1156 2428 209.
1243 2362 1614 2444 κυάνοβενθῆ.
1680 2367 1793 2430 Est
1855 2366 2028 2441 5⁷:22}
2073 2370 2388 2446 λεγόμενον
2434 2368 2510 2432 ad
2557 2390 2813 2431 norman
2863 2391 3085 2432 sermo-

841 2482 939 2545 nis
1000 2482 1158 2565 epici
1208 2481 1640 2565 compositum.
1690 2481 1914 2564 Neque
1959 2482 2167 2553 κύκνος
2212 2504 2417 2564 nequo
2465 2480 2663 2557 βένθος
2708 2482 3083 2545 comicorum

839 2603 1024 2672 sunt;
1073 2595 1306 2666 κυάνεος
1355 2593 1744 2670 Xenarchus,
1795 2593 1988 2657 Mein.
2037 2593 2145 2657 III
2198 2597 2324 2658 614-
2372 2596 2437 2658 in
2484 2594 2757 2679 parodia.

840 2710 945 2774 Fr.
998 2703 1159 2771 215.
1255 2707 1352 2771 Ad
1400 2706 1589 2792 Soph.
1638 2707 1738 2770 El.
1791 2711 1913 2769 289
1966 2703 2005 2769 ὦ
2054 2707 2282 2771 δύσθεον
2331 2708 2594 2786 μίσημα,
2643 2708 2732 2773 σοὶ
2774 2710 2920 2788 μόνῃ
2961 2732 3083 2773 ποι·

839 2824 943 2903 τὴρ
1000 2821 1009 2909 Ι
1064 2823 1362 2895 τέθνηκεντ,
1414 2819 1650 2883 Schol.:
1697 2818 1800 2883 xcxi
1848 2824 2048 2883 ταῦτά
2094 2820 2224 2900 Ἀρ.
2272 2818 2606 2901 πάρῴδηκεν
2655 2822 2712 2884 ἐν
2762 2820 3081 2901 Γηρυτάδῃ.

845 2935 1051 3000 Verba
1100 2935 1537 3019 Aristophanis
1585 2956 1710 2996 non
1758 2941 2001 2997 servata
2047 2940 2218 2997 sunt.

1795 3095 2147 3165 Danaides.

847 3250 948 3315 Fr.
1001 3243 1161 3312 245.
1252 3248 1620 3329 μκρτύρομάι
1644 3248 1705 3311 δὲ
1731 3248 2137 3353 Ζηνὸς-ἑρκείου
2161 3247 2411 3329 χύτράς.
2439 3248 2614 3320 Ζηνὸς
2639 3248 2945 3332 tragicum
2974 3256 3086 3311 est.

1494 3398 1808 3466 Dramata
1855 3397 1999 3467 sive
2049 3397 2442 3468 centaurus.

843 3553 945 3617 Fr.
999 3545 1160 3612 261.
1247 3550 1523 3627 άνοιγέτω
1570 3573 1659 3619 τις
1706 3549 1963 3625 δώματ’·
2009 3550 2189 3620 αὐτὸς
2238 3547 2492 3630 ἔρχεται.

937 3666 1219 3742 Δώμοιτά
1288 3662 1365 3725 ab
1435 3664 1543 3724 Ar.
1603 3684 1729 3725 non
1792 3661 1909 3724 nisi
1972 3662 2033 3725 in
2095 3660 2349 3746 parodia
2399 3668 2761 3745 usurpatur,
2810 3670 2884 3725 ut
2932 3660 3086 3725 Ach.

843 3780 993 3855 479,
1064 3779 1253 3851 1072,
1311 3773 1483 3838 Nub.
1538 3776 1727 3852 1159,
1777 3773 1918 3837 Pae.
1976 3775 2119 3852 115,
2169 3773 2413 3837 Thesm.
2468 3775 2616 3837 871.
2661 3773 2754 3837 Cf.
2806 3774 3091 3858 Hermip-

840 3912 1014 3975 pum,
1067 3888 1260 3951 Mcin.
1313 3887 1382 3950 Il
1429 3911 1489 3972 p.
1533 3889 1682 3950 407.

1756 4038 1892 4106 Pax
1940 4037 2180 4106 altera.

1244 4180 1410 4243 πόθεν
1456 4180 1520 4242 τὸ
1567 4184 1754 4257 Cpb-w,
1803 4178 1864 4240 τί
1910 4178 1972 4240 τὸ
2020 4177 2219 4253 γένοςς
2268 4178 2357 4249 τίς
2402 4181 2434 4251 ἡ
2484 4178 2707 4254 σποράς

935 4292 1176 4356 Imitari
1240 4292 1489 4355 videtur
1544 4298 1726 4377 poeta
1788 4314 2036 4354 versum
2085 4291 2377 4375 Aeschyli
2428 4315 2501 4356 ex
2551 4292 2808 4369 EdoniS,
2859 4292 2932 4356 fr.
2984 4295 3088 4368 56,

845 4428 1032 4489 quom
1081 4407 1266 4469 etiam
1314 4404 1557 4468 Thesm.
1613 4408 1736 4467 135
1785 4404 2025 4488 tangit:
2076 4406 2339 4477 ποδκπὸς
2387 4406 2412 4468 o‘
2460 4405 2687 4482 γύννιςς
2728 4406 2817 4477 τίς
2856 4404 3087 4484 πάτρας

846 4520 934 4591 τίς
996 4519 1029 4590 ἡ
1089 4520 1305 4592 στολής
1365 4517 1635 4582 Dindorf
1687 4519 1795 4601 qui
1837 4524 1901 4581 et
1952 4518 2115 4582 hunc
2160 4517 2366 4581 locum
2414 4525 2478 4581 et
2522 4517 2676 4582 alios
2722 4540 2932 4582 omnes
2979 4515 3089 4601 qui
