3875 5634
1833 606 2022 653 vespa
2033 607 2085 651 ε.
2953 595 3037 655 55

852 776 1142 841 tilaverit.
1195 777 1371 860 Quae
1419 786 1623 843 tamen
1668 786 1741 842 nt
1788 801 1819 840 c
1869 776 2120 843 latebris
2166 780 2228 844 in
2275 779 2475 844 lucem
2526 781 2923 867 proferantur
2963 780 3086 867 ple-

844 913 1109 976 rumque
1158 892 1288 956 ficri
1337 892 1561 978 nequit
1606 894 1723 959 nisi
1776 894 1994 959 sedulo
2043 917 2153 958 nos
2196 893 2411 959 doc-eat
2458 895 2804 960 scholiasta.

927 1004 1230 1091 Exemplo
1269 1008 1350 1071 sit
1397 1031 1639 1073 carmen
1687 1007 2084 1088 Mnesilochi,
2131 1009 2374 1075 Thesm.
2433 1013 2596 1076 1015
2647 1034 2801 1095 sqq„
2847 1008 3086 1074 Andro·

838 1120 1050 1185 medae
1100 1133 1304 1207 partes
1350 1123 1607 1205 agentis.
1661 1123 1847 1210 Apud
1898 1123 2261 1212 Euripidem
2312 1127 2596 1210 queritur
2640 1123 3073 1190 Andromeda:

1592 1239 1770 1318 φίλοιι
1814 1239 2094 1319 παρθένοι,
2142 1240 2316 1319 <Dim
2363 1265 2460 1317 μοι
2485 1290 2678 1309 .....

841 1351 1164 1432 sequentia
1210 1350 1543 1435 detorquet
1591 1352 2035 1439 Aristophanes
2081 1353 2142 1417 in

1588 1470 1711 1538 πῶς
1756 1465 1828 1530 ἂν
1876 1468 2187 1545 ἀπέλθοιμι
2233 1468 2337 1532 xx}

1590 1582 1687 1647 τὸν
1731 1582 1960 1656 Σκύθην
2006 1584 2272 1662 λέᾶοιμις

925 1694 1093 1759 Echo
1140 1703 1274 1759 orat
1321 1695 1718 1762 Andromeda
1766 1705 1842 1761 ut
1888 1704 2094 1762 tacere
2145 1697 2330 1763 velit:

1590 1812 1892 1893 προσαυδῶ
1942 1814 2007 1877 σὲ
2055 1813 2166 1878 τάν
2214 1814 2272 1878 ἕν
2317 1812 2535 1894 ἄντροις

1589 1928 1936 1993 ἆπέποιυσον
1983 1926 2150 1993 ἔασον
2196 1930 2274 1994 ’A

1580 2051 1695 2124 χοῒ
1734 2068 1813 2121 με
1861 2043 1965 2108 σὺν
2015 2044 2282 2124 φίλαισιν

1582 2159 1718 2236 γόου
1764 2159 1930 2224 πόθον
1983 2159 2218 2237 λαβεῖν.

922 2271 1351 2337 Mnesilochus
1398 2273 1593 2359 petit:

1887 2390 2058 2454 ἔασον
2106 2392 2180 2463 ὡς

1577 2504 1682 2577 τὴν
1731 2504 1986 2582 γυνκῒκοὶ
2034 2506 2102 2583 μ’
2141 2507 2351 2571 4ἐλθεῖν.

917 2617 1310 2683 Andromeda
1374 2619 1592 2703 ingens
1652 2620 1715 2684 in
1777 2642 1901 2704 quo
1958 2631 2237 2685 versatur
2299 2618 2646 2706 periculum
2697 2639 3073 2703 componens

825 2753 965 2794 cum
1019 2731 1175 2795 laeta
1225 2755 1409 2817 quam
1461 2731 1714 2818 degerat
1759 2735 1888 2798 vita
1935 2735 2346 2799 lamentatur:

1570 2848 1699 2930 ὁρᾷς
1747 2847 1868 2927 ἔμ’·
1914 2850 1979 2913 οὐ
2027 2849 2275 2929 χόροισιν
2322 2849 2439 2913 κτὲ.

908 2961 1351 3042 Mnesilochus,
1399 2985 1729 3048 germanus
1767 2965 1916 3028 civis
1963 2963 2380 3041 Atheniensis,
2423 2985 2640 3028 urnam
2684 2960 3068 3027 iudiciariam

818 3078 881 3140 in
930 3075 1166 3141 deliciis
1222 3076 1408 3141 habet
1455 3086 1518 3141 ot
1566 3080 1727 3159 παρὰ
1771 3078 2112 3158 προσδοκίαν
2159 3077 2365 3143 addit:

1571 3193 1757 3270 κημὸν
1782 3242 1796 3257 .
1825 3242 1840 3256 .
1871 3242 1885 3257 .
1916 3243 1929 3256 .
1981 3191 2179 3267 ἕστηκ’
2237 3192 2456 3274 ἔχουσ“.

908 3305 1100 3371 Plura
1149 3308 1363 3372 afferre
1411 3307 1689 3393 exempla
1737 3307 1891 3372 nihil
1938 3310 2185 3373 attinet.
2238 3306 2472 3373 Verum
2518 3308 2568 3372 si
2605 3328 2847 3371 scenam
2884 3304 3071 3368 Thes-

817 3421 1425 3508 mophoriazusarum
1490 3444 1631 3486 cum
1694 3420 2108 3487 Philocleonis
2171 3423 2442 3487 carmine
2505 3441 2952 3506 comparamus,
3001 3420 3066 3483 in

822 3546 1075 3623 promtu
1126 3545 1220 3602 est
1265 3538 1563 3623 suspicari
1610 3537 1723 3602 hoc
1770 3559 2022 3622 quoque
2072 3562 2105 3603 e
2153 3535 2431 3602 versibus
2475 3536 2697 3622 tragici
2737 3534 3063 3600 cuiusdam

811 3659 874 3716 et
939 3651 1375 3738 Aristophanis
1420 3660 1785 3717 contextum
1836 3676 1985 3717 esse.
2037 3655 2334 3716 Attamen
2386 3672 2545 3735 quae
2594 3650 2914 3735 tragoedia
2963 3648 3062 3713 de-

813 3764 1067 3829 beamus
1112 3788 1238 3830 non
1288 3765 1406 3830 nisi
1455 3763 1825 3831 adumbrare
1865 3789 2210 3852 possumus.
2261 3764 2492 3830 Versus
2541 3767 2664 3830 317
2716 3786 2849 3849 sqq.
2901 3764 3063 3844 φίλοι

811 3882 1067 3956 τήκομαι
1116 3882 1226 3957 μὲν
1274 3881 1394 3944 κτὲ.
1448 3887 1512 3945 et
1558 3883 1683 3945 319
1732 3904 1864 3966 sqq.
1913 3887 2200 3962 τηροῦμαι
2249 3881 2301 3946 δ’
2354 3881 2473 3945 κτὲ.
2527 3880 2706 3944 initio
2747 3901 2961 3963 graves
3004 3886 3066 3943 et

810 3994 1022 4058 tristes
1102 3993 1207 4057 sed
1269 4016 1409 4059 mox
1472 3996 1535 4059 in
1598 3996 1802 4061 iocum
1867 3994 2241 4073 desinentes,
2308 4004 2517 4061 utrum
2585 3993 3059 4074 παρκτρκγῳδῶν

808 4130 885 4172 an
950 4107 1224 4189 παρῳδῶν
1290 4108 1601 4195 scripserit
1661 4112 1769 4174 Ar.
1835 4111 2164 4176 decernere
2211 4133 2337 4174 non
2386 4110 2605 4174 ausim.
2655 4106 3061 4192 Tragoediam

808 4222 903 4287 vel
970 4221 1317 4307 tragoedias
1375 4231 1595 4309 poetae
1655 4226 1863 4290 animo
1923 4225 2273 4290 obversatas
2340 4248 2471 4290 esse
2516 4224 2842 4307 aliquanto
2888 4221 3065 4286 lucu-

807 4338 1040 4403 lentius
1100 4337 1171 4400 fit
1235 4359 1350 4401 vss.
1401 4339 1529 4401 323
1579 4361 1710 4423 sqq.
1757 4337 1877 4403 Ter
1925 4337 2282 4404 Philoclcon
2323 4337 2666 4423 magnificis
2712 4334 2923 4400 verbis
2967 4333 3064 4399 Io·

807 4476 940 4517 vem
992 4451 1298 4536 implorat,
1349 4460 1444 4515 ter
1492 4451 1735 4518 abiecto
1782 4452 2087 4517 cothurno
2125 4475 2337 4518 soccus
2387 4452 2692 4517 induitur.
