3875 5634
871 736 970 798 so
1826 706 1833 713 ’
1892 749 2071 795 μω.

836 925 1002 985 certe
1043 918 1123 983 ab
1167 879 1647 1004 elegantissimis
1690 924 1756 982 et
1796 917 2253 983 venustissimis
2289 916 2530 982 Avibus
2566 915 2771 982 aliena
2796 916 3084 997 videtur;

841 1034 966 1097 imo
1011 1038 1140 1097 tam
1186 1033 1415 1098 mirum
1463 1037 1559 1097 est
1602 1032 1791 1097 hocce
1838 1031 2167 1096 inventum
2215 1037 2291 1096 ut
2326 1038 2702 1118 spectatores
2739 1054 2868 1097 non
2904 1031 3097 1097 fuisse

839 1146 1265 1212 intellecturos
1319 1168 1521 1233 quare
1579 1145 2011 1235 excogitasset,
2084 1142 2249 1209 unde
2293 1143 2603 1211 hausisset
2644 1151 2711 1211 et
2741 1144 2913 1230 quid
2960 1151 3098 1210 tan-

840 1261 980 1327 dem
1024 1267 1284 1348 peteret,
1332 1259 1623 1326 arbitrer.
1757 1295 1764 1304 ·
1921 1314 1925 1318 ,

930 1375 1051 1441 Sed
1095 1375 1421 1461 perspicua
1464 1375 1632 1439 fiunt
1674 1372 1888 1438 omnia
1933 1378 1999 1454 et
2043 1372 2212 1438 salva
2259 1379 2354 1437 est
2397 1371 2640 1453 facetia,
2681 1372 2735 1438 si
2772 1372 2889 1438 sub
2931 1372 3100 1440 Aris-

839 1489 1127 1576 tophanis
1183 1487 1556 1553 Prometheo
1615 1487 1929 1552 delitescit
1994 1485 2394 1572 Aeschyleus,
2460 1486 2571 1570 qui
2629 1485 2787 1551 clam
2829 1479 2986 1552 Jove
3029 1487 3098 1552 in

838 1601 1074 1668 Lemno
1140 1600 1348 1667 insula
1416 1608 1697 1666 montem
1759 1598 2164 1685 Mosychlum
2224 1598 2549 1665 adscendit
2593 1607 2658 1665 et
2705 1622 2781 1665 ex
2821 1598 3096 1666 Vulcani

840 1717 1079 1782 officina
1122 1714 1426 1781 scintillas
1474 1714 1706 1801 rapuit.
1757 1713 2113 1796 Quamnam
2163 1712 2283 1779 sibi
2329 1713 2439 1779 ille
2482 1714 2762 1780 induerit
2801 1714 3095 1801 speciem,

837 1852 919 1895 an
964 1830 1187 1895 velarit
1232 1836 1426 1917 capnt
1470 1851 1553 1903 ne
1598 1853 1635 1895 a
1683 1827 1824 1894 Diis
1869 1834 2313 1914 agnosceretur
2354 1851 2480 1894 non
2528 1828 2928 1894 tradiderunt
2970 1850 3097 1915 my-

836 1944 1167 2032 thographi
1210 1943 1318 2009 sed
1363 1943 1551 2027 λάθραι
1600 1942 1741 2017 Διός
1787 1942 2026 2030 (Apoll.
2071 1941 2238 2009 Bibl.
2288 1942 2324 2008 I
2367 1946 2428 2023 7,
2478 1944 2537 2028 1)
2572 1966 2717 2008 eum
2756 1943 2956 2029 egisse
2989 1965 3097 2009 no·

835 2063 974 2123 tum
1020 2065 1135 2124 est.

925 2171 1004 2237 In
1062 2171 1373 2256 colloquio
1430 2193 1575 2236 cum
1623 2169 2021 2237 Peithetaero
2067 2170 2372 2255 originem
2420 2170 2825 2258 Aeschyleam
2871 2171 3098 2241 habuit

836 2286 1092 2352 fortasse
1137 2285 1513 2351 vocabulum
1559 2284 1848 2364 βουλυτός
1896 2286 2181 2369 (Homeri
2224 2292 2320 2350 est
2363 2285 2732 2370 βουλυτόνδε)
2777 2292 2845 2351 et
2866 2285 3094 2352 deinde

836 2400 1163 2466 consilium
1225 2398 1584 2466 Promethei
1647 2422 1734 2464 vs.
1802 2401 1978 2463 1534
2039 2420 2195 2484 sqq„
2246 2397 2354 2463 ubi
2399 2398 2769 2465 adhortatur
2813 2422 2960 2466 aves
3006 2423 3090 2466 ne

836 2537 980 2579 eum
1043 2517 1198 2580 Jove
1252 2514 1650 2602 paciscantur
1714 2514 1835 2579 nisi
1898 2514 1976 2579 iis
2032 2513 2338 2579 Basileam
2380 2513 2728 2595 tradiderit,
2776 2537 2939 2601 quae
2986 2515 3090 2581 ad-

835 2628 1107 2695 hortatio
1166 2651 1344 2694 suam
1408 2628 1664 2694 demum
1724 2629 1853 2693 vim
1915 2627 2106 2693 habet
2151 2628 2203 2692 si
2249 2635 2435 2715 poeta
2478 2627 2647 2693 ludit
2690 2627 2768 2693 iis
2813 2650 2976 2714 quae
3020 2627 3089 2693 in
3134 2610 3141 2616 ’

834 2741 1040 2809 Prom.
1084 2750 1267 2826 πυρφ.
1317 2743 1489 2809 dicta
1536 2750 1743 2809 essent
1779 2743 1858 2808 de
1891 2742 2175 2829 potentia
2211 2764 2396 2827 quam
2438 2742 2567 2806 suis
2604 2741 2919 2808 beneficiis
2941 2740 3090 2808 Pro·

834 2857 1121 2922 metheus
1162 2856 1302 2921 Diis
1345 2857 1617 2944 eriperet
1662 2863 1728 2922 et
1772 2878 1918 2921 cum
1966 2855 2328 2921 hominibus
2375 2857 2881 2921 communicaret.
2930 2854 3090 2923 Con·

833 2969 1178 3037 cedendum
1217 2976 1313 3037 est
1343 2970 1601 3056 quidem
1631 2992 1948 3056 nusquam
1971 2971 2040 3035 in
2063 2968 2135 3035 P.
2163 2968 2394 3035 Vincto
2418 2969 2622 3036 dicere
2644 2957 3086 3036 Prometheum

832 3083 1160 3171 imperium
1208 3084 1385 3150 Jovis
1426 3085 1601 3150 furto
1647 3083 1916 3150 Lemnio
1966 3106 2248 3150 eversum
2295 3084 2373 3149 iri
2417 3106 2623 3170 neque
2659 3085 2766 3156 τὴν
2807 3085 2948 3158 Διὸς
2983 3107 3089 3169 τυ-

828 3197 1075 3279 ραννίδα
1135 3197 1213 3263 ad
1266 3198 1548 3263 homines
1591 3198 1976 3265 translatum
2023 3198 2100 3264 iri
2148 3201 2310 3283 (cum
2361 3197 2556 3264 huius
2599 3198 2846 3285 imperii
2885 3198 3090 3264 exitus

827 3311 1014 3376 aliam
1072 3310 1332 3377 haberet
1391 3334 1661 3391 causam,
1709 3312 2186 3378 matrimonium
2233 3310 2276 3375 J
2277 3312 2453 3396 ovis),
2501 3318 2567 3377 at
2610 3313 2824 3399 potuit
2867 3318 3081 3379 tamen

829 3422 904 3488 P.
950 3425 1017 3489 in
1062 3430 1245 3506 πυρῷ.
1295 3423 1589 3512 superbia
1636 3426 1842 3491 elatus
1887 3426 2143 3512 gloriari
2189 3449 2254 3490 se
2301 3448 2412 3513 per
2456 3433 2621 3491 artes
2668 3427 3086 3513 scientiaeque

831 3536 1114 3604 homines
1170 3540 1351 3626 regni
1408 3540 1451 3604 J
1454 3539 1586 3605 ovis
1629 3541 1967 3628 participes
2013 3540 2329 3606 facturum
2375 3563 2528 3621 esse,
2576 3563 2781 3626 neque
2826 3540 2905 3607 ab
2953 3542 3089 3607 eius

827 3650 1180 3717 charactere
1241 3651 1537 3719 abhorret
1593 3654 1996 3720 exclamatio:
2066 3654 2374 3720 ἀπόλωλεν
2424 3657 2514 3740 (in
2562 3662 2721 3740 trag.
2769 3654 3010 3740 ὄλωλεν)
3059 3655 3087 3721 ὅ

832 3763 977 3839 Ζεύς
1028 3787 1115 3829 vs.
1166 3767 1359 3847 1514,
1406 3767 1449 3831 i.
1499 3790 1555 3832 e.
1597 3774 1807 3833 actum
1856 3776 1953 3834 est
1998 3768 2077 3835 de
2122 3769 2296 3834 Jovis
2340 3776 2671 3857 potestate,
2717 3791 2906 3855 quam
2955 3769 3092 3836 Pei-

826 3878 1188 3944 thethaerus
1225 3886 1529 3964 tanquam
1577 3884 1796 3947 mortis
1841 3884 2142 3949 nuntium
2188 3884 2444 3971 accepit.
2494 3882 2727 3949 Versus
2779 3885 2947 3951 1547

1272 3998 1428 4072 μισῶ
1473 3993 1813 4070 δ’ἅπαντας
1858 3997 1995 4071 τοὺς
2035 3996 2208 4071 θεοὺς,
2256 3998 2332 4071 ὦς
2377 3992 2538 4063 οἷο-θα.
2583 3997 2658 4062 σύ

827 4107 894 4172 in
938 4107 1299 4174 memoriam
1346 4117 1597 4175 revocat
1645 4109 1855 4176 Prom.
1907 4111 2060 4176 975.

1269 4222 1449 4305 ἁπλῷ
1493 4222 1653 4305 λόγῳ
1696 4224 1839 4297 τοὺς·
1884 4224 2123 4297 πάντας
2165 4224 2412 4307 ἐχθαίρω
2460 4224 2636 4299 θεούς.
2678 4278 2682 4281 Α

915 4333 1036 4401 Sed
1118 4335 1510 4402 luculentius
1579 4345 1839 4425 apparet
1906 4336 2171 4425 parodia
2237 4339 2305 4403 in
2375 4338 2754 4404 carminibus
2823 4338 3083 4406 choi-icis

728 4454 735 4462 ‘
829 4448 998 4515 1470
1044 4472 1176 4535 sqq.
1227 4453 1400 4516 1553
1448 4474 1582 4538 sqq.
1630 4451 1948 4518 Describit
1994 4451 2085 4518 ibi
2130 4458 2316 4539 poeta
2352 4452 2597 4519 abditas
2635 4462 2839 4519 terrae
2874 4460 3083 4541 partes

824 4580 986 4647 quae
1044 4584 1189 4628 cum
1249 4564 1483 4630 Avium
1528 4574 1903 4653 argumento
1949 4565 2112 4632 nihil
2158 4588 2485 4632 commune
2533 4566 2789 4650 habent,
2840 4568 3087 4656 aptissi-
