3875 5634
854 757 994 822 ’172
1589 776 1596 783 ·
1829 775 2065 821 aaran.

817 944 915 1013 dis
958 944 1062 1018 sit,
1111 943 1265 1029 quid
1315 942 1770 1029 Aristophanis,
1819 942 2147 1009 enucleare
2192 965 2321 1009 non
2367 965 2721 1030 possumus.
2774 943 2937 1010 Cum
2988 950 3079 1009 ta·

815 1063 997 1122 ceant
1058 1056 1436 1122 Scholiastae
1480 1064 1594 1122 aut
1638 1056 2067 1123 dissimiliores
2111 1058 2311 1122 citent
2355 1057 2547 1138 locos,
2594 1057 2933 1123 verisimile
2982 1065 3079 1124 est

811 1170 1111 1257 pleraque
1168 1194 1208 1235 a
1265 1172 1502 1236 comico
1544 1171 1623 1236 ad
1669 1169 2049 1258 Euripideae
2095 1193 2351 1258 poeseos
2398 1193 2681 1237 normam
2730 1194 2863 1237 eaee
2909 1173 3075 1238 ficta.

818 1284 919 1350 Ad
981 1307 1069 1349 vs.
1138 1286 1303 1349 1331
1369 1284 1773 1371 Asclepiades
1819 1284 1974 1348 citat
2020 1283 2171 1350 Hec.
2225 1288 2308 1349 68
2356 1306 2529 1371 sqq.;
2578 1286 2927 1372 comparari
2970 1307 3075 1374 po-

815 1404 944 1464 test
1001 1398 1143 1485 Iph.
1198 1398 1389 1464 Taur.
1458 1402 1581 1463 150
1648 1405 1714 1464 et
1758 1399 1978 1484 fragm.
2025 1398 2464 1465 Andromedae
2515 1403 2663 1465 114.
2712 1400 3077 1487 Aristopha-

817 1533 960 1576 nem
1023 1512 1345 1577 monodias
1404 1535 1439 1575 a
1502 1511 1821 1597 tragoedia
1877 1512 2115 1578 alienas
2159 1512 2471 1579 iudicasse
2517 1519 2780 1600 apparet
2825 1496 3076 1600 quoque

817 1623 895 1689 fr.
944 1623 1158 1711 Geryt.
1212 1628 1341 1689 202
1388 1631 1454 1691 et
1491 1624 1649 1691 Rau.
1701 1629 1850 1691 849.

687 1852 692 1857 ’
821 1851 933 1916 Vs.
986 1842 1198 1915 1334.
1268 1850 1485 1931 ψυχὰν
1523 1850 1768 1932 ἄψυχον
1815 1850 2056 1932 ἔχοντα.

909 1963 1004 2030 Cf.
1052 1967 1281 2044 πότμος
1326 1963 1599 2043 ἄποτμος
1645 1963 1839 2053 Hipp.
1895 1969 2087 2045 1144,
2136 1965 2375 2031 Phoen.
2422 1968 2632 2046 13063
2672 1965 2876 2045 γάμος
2914 1966 3076 2046 ἄγα-

819 2103 933 2157 μος
979 2077 1124 2144 Hel.
1177 2081 1303 2143 690
1317 2105 1336 2157 3
1383 2079 1507 2152 ὁδὸς
1552 2077 1753 2153 ἄνοδος
1798 2078 1936 2165 Iph.
1987 2079 2177 2144 Taur.
2223 2083 2387 2159 8893
2429 2079 2670 2157 οὶβίπος
2710 2079 2842 2157 βίου
2875 2079 3070 2168 Hipp.

819 2195 944 2256 821
996 2199 1061 2258 et
1101 2192 1355 2270 similia,
1397 2214 1561 2277 quae
1605 2192 1794 2257 etiam
1838 2191 2053 2257 Latini
2097 2192 2327 2257 imitati
2364 2199 2520 2259 sunt
2557 2200 2780 2279 poetae
2819 2199 2897 2258 ut
2934 2193 3079 2260 Ovi-

822 2306 967 2371 dius
1015 2307 1126 2391 qui
1173 2306 1331 2372 Met.
1379 2306 1451 2372 II
1499 2307 1622 2370 627
1670 2307 1896 2385 „iusta
1940 2307 2239 2371 iniusta.”
2970 2297 2975 2302 ’

821 2531 932 2597 Vs.
989 2523 1199 2597 1337.
1274 2532 1456 2612 Φόνια
1500 2531 1679 2612 §Musa
1725 2532 2073 2613 δερκόμενον.

909 2645 1147 2711 Iterata
1193 2642 1381 2710 verba
1425 2668 1799 2732 magnopere
1843 2646 2151 2732 placuisse
2189 2645 2483 2733 Euripidi
2522 2669 2706 2712 nemo
2743 2648 2945 2713 nescit
2965 2649 3078 2733 qui

818 2758 957 2825 eius
1023 2759 1303 2825 dramata
1371 2760 1730 2847 inspexerit.
1793 2759 1938 2825 Non
2001 2760 2233 2826 desunt
2290 2760 2355 2824 in
2418 2760 2555 2847 ipso
2617 2759 2944 2846 Aeschylo,
3004 2767 3079 2826 ut

819 2871 1041 2959 Suppl.
1107 2875 1256 2953 836,
1322 2875 1472 2952 837,
1525 2875 1673 2954 888,
1725 2877 1848 2938 861
1900 2880 1966 2939 et
2012 2873 2183 2955 alibi,
2236 2873 2346 2940 sed
2392 2874 2461 2939 in
2504 2874 2808 2962 Euripide
2854 2875 3077 2962 saepis·

816 2985 971 3051 sime
1039 2985 1453 3051 inveniuntur
1505 2984 1612 3051 ubi
1672 2988 1980 3052 sententia
2040 3010 2166 3053 non
2229 2986 2536 3074 postulat,
2584 2987 2710 3052 imo
2756 2993 2947 3068 vetat,
2993 2995 3070 3053 nt

810 3097 880 3162 in
944 3099 1239 3164 monodia
1299 3098 1566 3187 Phrygis
1628 3099 1739 3165 Or.
1809 3102 1979 3165 1426
2042 3102 2306 3183 Φρυγίοις
2362 3099 2599 3181 ἔτυχον,
2652 3101 2943 3183 Φρυγίοισι
2992 3102 3074 3168 νό-

816 3235 949 3290 μοις
987 3208 1001 3301 1
1039 3212 1206 3290 παρὰ
1251 3212 1581 3294 βόστρυχον
1625 3212 1805 3295 αὔραν
1851 3213 2036 3295 αὔραν
2076 3212 2087 3302 Ι
2129 3213 2382 3287 Ἑλένας
2418 3212 2671 3286 Ἑλένας
2710 3216 2935 3293 εὖτ-ἄγα
2968 3214 3073 3281 κύ·-

814 3339 956 3405 κλῳ.
1022 3323 1267 3391 Deinde
1327 3350 1443 3391 vsS.
1512 3329 1704 3405 1444,
1773 3329 1964 3407 1454,
2035 3330 2225 3405 1456,
2295 3328 2488 3407 1468,
2543 3328 2736 3409 1479,
2789 3330 2956 3392 1481
3007 3334 3075 3394 et

815 3440 1179 3504 sexcenties.
1229 3440 1330 3506 cf.
1378 3440 1536 3507 Ran.
1590 3442 1758 3506 1353
1805 3462 1937 3527 sqq.

815 3663 925 3730 Vs.
979 3656 1188 3728 1338.
1260 3663 1431 3729 ἄλλα
1473 3688 1593 3745 μοι,
1638 3664 1996 3745 ἀμφίπολοι,
2040 3661 2262 3744 λύχνον
2307 3661 2520 3744 ἅψατε

1263 3779 1517 3844 κάλπισί
1556 3777 1612 3843 τ’
1658 3779 1724 3843 ἐκ
1763 3783 2050 3856 ποταμῶν
2089 3777 2282 3871 δρόσον
2319 3776 2523 3859 ἄρατε,
2565 3776 2803 3860 θέρμετε
2824 3777 2879 3843 δ’
2905 3775 3049 3861 ὕδωρ

1263 3893 1347 3965 ὦς
1389 3890 1464 3957 ἂν
1503 3893 1647 3956 θεῖον
1685 3891 1887 3972 ὄνειρον
1931 3890 2272 3956 ἀποκλύσω.

903 4005 1109 4072 Schol.
1175 4006 1572 4078 Ἀπολλώνιος
1618 4005 1782 4086 παρὰ
1826 4004 1908 4069 τὰ
1953 4006 2019 4069 ἐκ
2065 4009 2178 4068 τῶν
2225 4004 2576 4082 Τημενιδῶν
2627 4004 2715 4086 (in
2763 4003 2900 4067 cod.
2950 4004 3069 4069 Εὖ·

811 4119 1134 4206 μενίδων).
1199 4118 1346 4183 Filii
1409 4117 1661 4183 Temeni
1722 4118 1984 4183 fuerunt
2036 4116 2308 4203 Cerynes
2355 4122 2420 4181 et
2466 4116 2750 4197 Phalces,
2801 4138 3073 4201 quorum

811 4255 984 4299 soror
1051 4232 1385 4319 Hyrnetho
1457 4231 1801 4319 Deiphonti
1864 4238 2185 4318 nupserat.
2249 4230 2381 4312 Qui
2441 4252 2587 4295 cum
2647 4238 2827 4316 patre
2874 4231 3075 4296 occiso

811 4347 1206 4434 Epidaurum
1269 4353 1595 4427 venerunt,
1641 4346 1968 4431 Hyrnetho
2014 4367 2223 4410 secum
2275 4345 2574 4411 reducere
2619 4344 2965 4410 voluerunt
3007 4351 3074 4411 et

809 4466 1140 4545 postquam
1185 4460 1420 4524 frustra
1464 4482 1500 4523 a
1546 4459 1770 4524 marito
1816 4458 2113 4524 divellere
2161 4459 2371 4524 conati
2422 4465 2595 4539 sunt,
2637 4458 2902 4524 Phalces
2939 4480 3073 4523 eam

811 4573 1146 4639 interfecit.
1221 4571 1494 4639 Videtur
1551 4573 1671 4639 hoc
1731 4572 2025 4638 dramatis
2083 4579 2535 4660 argumentum
2598 4571 2813 4638 fuisse.
2867 4569 3074 4637 Verba
