3875 5634
774 716 814 777 6
1573 719 1582 730 ‘
1615 734 2092 780 AcmanaNses.

729 907 994 987 postque
1040 900 1184 966 δοκῶ
1223 923 1365 966 cum
1406 900 1717 966 Muellero
1757 901 2156 966 reticentiam
2196 904 2550 966 statuamus
2587 925 2831 968 necesse
2872 912 2985 984 est,

728 1035 919 1098 quam
981 1036 1106 1078 non
1167 1014 1485 1094 miramur,
1547 1015 1697 1100 quia
1758 1014 1826 1079 in
1885 1008 2055 1080 bisce
2105 1012 2611 1101 responsionibus
2657 1038 2984 1081 numerum

728 1127 998 1192 duorum
1041 1149 1335 1192 versuum
1382 1127 1673 1192 excedere
1718 1135 1942 1214 poetae
1988 1150 2117 1193 non
2167 1127 2372 1192 licuit.
2415 1126 2757 1194 Profitetur
2793 1130 2988 1215 igitur

728 1239 1152 1328 Dicaeopolis:
1217 1243 1434 1307 Dicere
1489 1266 1640 1328 quae
1697 1244 1889 1307 sentio
1950 1265 2066 1306 non
2130 1243 2452 1329 reformido
2460 1271 2487 1319 ,·
2550 1249 2756 1307 trunco
2811 1252 2990 1328 caput

730 1356 1025 1439 imponens
1083 1358 1253 1421 verba
1284 1359 1504 1443 facere
1532 1363 1799 1439 paratus
1843 1380 1973 1422 sum
2018 1364 2077 1421 et
2120 1358 2178 1420 εἰ
2223 1379 2338 1420 non
2387 1355 2551 1421 iusta
2589 1358 2834 1444 prqfero
2883 1358 2992 1441 (me

730 1470 1101 1560 interficite).
1181 1468 1361 1533 Hanc
1442 1469 1668 1534 horum
1737 1492 2033 1536 versuum
2104 1470 2297 1535 fuisse
2364 1472 2742 1535 sententiam
2810 1470 2991 1537 docet

729 1583 995 1669 scriptor
1056 1582 1500 1669 hypotheseos:
1567 1584 1594 1649 ὁ
1656 1584 1719 1649 δὲ
1782 1585 2195 1665 ὑποσχόμενος
2242 1584 2382 1666 ὑπὲρ
2428 1581 2695 1660 ἐπιξήνου
2741 1586 2847 1658 τὴν
2892 1611 2986 1651 κε-

729 1697 937 1778 Φαλῆν
998 1697 1154 1778 ἔχων
1212 1697 1720 1777 ἀπολογήσεσθαι,
1783 1700 1887 1781 ἐφ’
1953 1692 2084 1779 ᾧτε.
2147 1697 2221 1763 ἂν
2284 1699 2372 1777 μὴ
2430 1698 2600 1780 πείσῃ
2663 1699 2745 1763 τὰ
2791 1699 2988 1765 δίκαια

730 1808 940 1888 λέγων,
988 1812 1085 1876 τὸν
1128 1809 1430 1890 τράχηλον
1474 1811 1985 1886 ἀποκοπήσεσθαι.

822 1921 960 1987 Iam
1020 1923 1246 2004 omnia,
1308 1923 1549 2010 opinor,
1616 1925 1970 1990 cohaerent.
2030 1925 2178 1991 Non
2229 1925 2502 2012 amplius
2548 1926 2816 1992 duarum
2864 1950 2991 1991 ora·

731 2038 977 2102 tionum
1034 2038 1271 2102 mentio
1329 2037 1402 2101 fit
1448 2037 1551 2102 sed
1604 2040 1812 2127 unius,
1861 2040 2101 2127 optime
2149 2048 2510 2125 congruunt
2557 2039 2732 2103 allati
2781 2063 2991 2106 versus

733 2172 877 2215 cum
939 2174 1024 2214 vs.
1089 2152 1237 2232 364,
1303 2153 1452 2234 41⁷,
1515 2155 1665 2233 486,
1731 2157 2123 2233 492—4953
2185 2154 2445 2220 affertur
2489 2162 2752 2219 truncus
2767 2181 2785 2234 3
2835 2154 2992 2220 alter

731 2264 1044 2351 Telephus
1089 2273 1281 2352 caput
1323 2266 1589 2331 inflectit
1635 2274 1700 2331 et
1743 2267 1931 2333 verba
1979 2269 2132 2334 facit
2175 2271 2567 2349 496—5563
2608 2269 2993 2335 altercantur

732 2379 899 2443 inter
956 2402 1017 2443 se
1065 2379 1512 2463 Acharnenses,
1566 2404 1706 2467 pars
1751 2389 1829 2446 ut
1875 2405 2022 2448 eum
2069 2382 2360 2448 occidant
2404 2383 2470 2446 in
2523 2405 2767 2447 scenam
2811 2406 2992 2449 ruere

732 2494 977 2573 volunt,
1045 2517 1183 2580 pars
1242 2503 1318 2560 ut
1378 2518 1522 2561 eum
1582 2496 1923 2562 defendant
1939 2526 1959 2577 3
2022 2498 2088 2562 hi
2150 2498 2475 2562 victoriam
2524 2505 2993 2582 consequuntur

732 2631 820 2673 vs.
874 2610 1032 2687 5715
1079 2610 1279 2694 surgit
1324 2608 1721 2698 Dicaeopolis
1769 2620 1834 2676 et
1879 2612 2090 2677 salvus
2141 2620 2254 2676 est.

823 2722 918 2788 Ex
977 2723 1053 2787 iis
1108 2745 1267 2808 quae
1327 2726 1582 2810 exposui
1645 2733 1904 2812 apparet
1963 2748 2091 2791 non
2155 2724 2538 2812 probandam
2586 2749 2715 2791 esse
2764 2727 2995 2791 coniec-

734 2845 945 2902 turam
990 2859 1177 2922 quam
1223 2839 1547 2924 proposuit
1592 2838 1934 2905 Brambach
1974 2839 2143 2905 Mus.
2191 2839 2390 2905 Rhen.
2436 2842 2606 2903 1866
2649 2862 2708 2926 p.
2757 2842 2877 2905 148
2903 2864 2991 2926 sq.

733 2951 1112 3039 Transponit
1171 2953 1275 3017 hic
1335 2955 1534 3018 varias
1599 2953 1678 3019 ob
1741 2978 1958 3020 causas
2018 2978 2234 3021 versus
2299 2956 2650 3020 315-318
2711 2963 2852 3043 post
2906 2980 2992 3021 va.

739 3065 887 3145 302,
933 3065 1025 3129 ita
1075 3073 1147 3130 ut
1194 3073 1335 3152 post
1379 3065 1565 3132 verba
1611 3067 1787 3133 chori
1837 3118 1851 3132 .
1881 3117 1895 3132 .
1923 3118 1938 3132 .
1971 3118 1985 3133 .
2027 3069 2403 3147 καττύματα
2444 3068 2534 3133 ita
2571 3068 2995 3154 distinguatur

1226 3178 1365 3245 Dic.
1411 3185 1579 3247 τοῦτο
1628 3181 1841 3255 τοῦπος
1883 3220 1977 3231 —
2021 3179 2480 3264 ταραξικάρδιον.

1226 3291 1413 3358 Chor.
1462 3294 1511 3358 εἶ
1555 3295 1630 3359 σὺ
1884 3333 1978 3344 —
2023 3296 2167 3373 ἡμῖν
2213 3282 2425 3374 λε’γὲιν.

1225 3406 1364 3473 Dic.
1414 3407 1525 3472 κιῖν
1569 3433 1644 3488 γε
1688 3408 1777 3487 μῆ
1881 3446 1976 3456 —
2020 3409 2179 3489 ἔχων
2226 3409 2440 3489 λέγειν.

1223 3521 1404 3587 Chor.
1452 3528 1556 3589 σοῦ
1605 3523 1659 3588 δ’
1707 3524 1825 3602 ἐγὼ
1883 3562 1976 3572 -—
2023 3524 2301 3606 μακρούς.

826 3634 1064 3701 Verum
1119 3637 1206 3701 sic
1269 3638 1565 3702 orationis
1623 3659 1822 3702 nexus
1867 3637 2141 3703 tollitur.
2190 3638 2384 3702 Arete
2430 3640 2600 3702 enim
2646 3638 2997 3718 cohaerent,

738 3757 814 3814 ut
872 3750 996 3814 iam
1052 3751 1323 3816 vidimus
1379 3753 1445 3817 τὸ
1507 3748 1771 3827 θίξηνον
1827 3774 1913 3817 vs.
1983 3755 2112 3816 318
2163 3759 2228 3817 et
2273 3748 2651 3826 καταξαίνειν
2696 3776 2784 3817 vs.
2840 3754 2997 3832 3203

737 3863 984 3946 deinde,
1046 3888 1189 3930 cum
1236 3873 1501 3933 truncus
1546 3866 1656 3931 ille
1702 3874 1896 3953 caput
1943 3875 2007 3932 et
2055 3868 2237 3951 quasi
2286 3865 2473 3931 cardo
2519 3866 2602 3930 sit
2647 3867 2842 3931 totius
2887 3867 3000 3932 hu·

736 3978 840 4043 ius
883 3987 1080 4059 actus,
1128 3987 1269 4066 post
1316 3979 1775 4066 Dicaeopolidis
1811 3979 1999 4046 verba
2038 3981 2179 4062 ὑπὲρ
2216 3977 2367 4055 gras.
2413 3995 2546 4045 κτλ.
2588 4003 2711 4044 non
2751 3981 3000 4045 ferenda

738 4099 833 4156 est
913 4067 1307 4158 ratiocinatio
1392 4098 1495 4159 σοῦ
1563 4092 1617 4158 δ’
1688 4094 1806 4172 ἐγὼ
1874 4093 2090 4172 λόγους
2159 4093 2433 4172 λέγοντος
2502 4095 2605 4158 οὐκ
2673 4092 3001 4173 ἀκούσομαι

738 4204 1015 4284 μακρούς,
1063 4220 1199 4273 κτλ.
1571 4222 1576 4226 ’
1606 4292 1611 4297 ὁ
2985 4251 2989 4255 «

828 4319 931 4381 An
990 4317 1056 4382 in
1118 4318 1257 4383 aliis
1316 4341 1568 4404 quoque
1628 4317 1927 4400 versibus,
1976 4325 2226 4406 praeter
2276 4342 2381 4384 eos
2428 4341 2587 4404 quos
2635 4319 2822 4384 attuli
2872 4321 2997 4384 817

738 4435 803 4493 et
842 4431 991 4512 318,
1030 4431 1283 4517 parodia
1319 4431 1675 4518 quaerenda
1714 4434 1798 4498 sit
1840 4432 2188 4498 diiudicare
2229 4432 2482 4498 difficile
2521 4440 2634 4497 est.
2678 4432 2849 4498 Alibi
2888 4441 3002 4498 aut

724 4542 1004 4607 'metrum
1067 4551 1180 4609 aut
1239 4542 1425 4610 verba
1484 4546 1722 4631 tragica
1788 4544 1950 4610 viam
2014 4553 2391 4625 monstrant,
2454 4545 2558 4611 hic
2619 4547 2747 4611 suis
2803 4544 3003 4611 verbis
