3875 5634
847 687 972 747 202
1687 703 2056 749 netues-nou
2102 706 2147 750 1.

801 875 888 930 tos
955 867 1183 948 siquam
1251 868 1676 933 contaminasse
1690 897 1715 943 ;
1784 873 1937 952 quod
2000 871 2164 954 impii
2220 879 2278 935 et
2338 872 2610 936 scelerati
2670 872 2925 937 homines
2987 874 3053 936 in

802 968 1074 1049 templum
1131 976 1322 1032 essent
1365 971 1630 1047 adducti,
1677 970 1907 1052 siqnum
1956 973 2309 1054 expiandum
2355 976 2440 1037 ad
2480 995 2639 1036 mare
2668 974 2852 1059 serre
2896 996 3053 1056 opor·

805 1075 943 1145 tere,
992 1076 1048 1130 et
1097 1068 1287 1131 iubere
1328 1092 1456 1133 eum
1503 1071 1847 1133 interdicere
1892 1072 2113 1135 civibus
2157 1094 2228 1136 ne
2260 1073 2387 1155 quis
2424 1095 2619 1137 eorum
2650 1081 2822 1136 emera
2861 1075 3051 1138 urbem

802 1169 1007 1232 exiret.
1056 1192 1158 1232 rea*
1202 1169 1489 1234 sacerdoti
1526 1170 1682 1233 dicto
1722 1172 2161 1255 aucliensfuit.
2201 1174 2494 1236 occasione
2532 1174 2844 1255 Iphiqeitia
2870 1182 3049 1238 nacta

805 1271 969 1352 siyno
1026 1271 1256 1334 sublato
1301 1292 1428 1334 cum
1471 1271 1679 1349 fratre
1733 1272 1935 1334 Oreste
1979 1279 2038 1335 et
2084 1272 2317 1355 Pylade
2365 1274 2426 1336 in
2474 1296 2677 1337 navem
2724 1274 3052 1339 ascendit.”

898 1369 1057 1435 Cum
1105 1370 1220 1433 hac
1265 1368 1475 1434 fabula
1521 1371 1843 1455 tragoedia
1887 1370 2229 1458 Euripiden
2281 1374 2431 1438 mire
2480 1374 2793 1459 conspirat
2842 1374 2942 1438 vel
2989 1374 3054 1439 in

807 1471 992 1537 rebus
1034 1471 1286 1535 minoris
1334 1473 1666 1549 momenti;
1717 1474 1889 1555 siqua
1937 1475 2102 1538 enim
2147 1480 2211 1538 et
2257 1484 2604 1558 aryecmenla
2651 1476 3054 1561 reperiuntur

810 1597 927 1638 vss.
978 1576 1103 1635 808
1152 1595 1285 1657 sqq.

903 1678 960 1738 5.
1008 1672 1250 1738 Fabula
1299 1678 1381 1738 54
1428 1675 1505 1740 de
1551 1675 1819 1740 Thetide
1865 1676 2034 1761 agit:

906 1777 1137 1840 Thetidi
1197 1777 1442 1840 Nereidi
1499 1778 1709 1857 fatum
1740 1778 1909 1863 fnit,
1957 1778 2058 1861 qni
2101 1800 2172 1841 es·
2213 1800 2282 1841 ea
2326 1786 2507 1842 natus
2554 1786 2701 1842 esset
2740 1779 3053 1864 fortiorem

793 1879 943 1964 sore
986 1898 1156 1961 quam
1195 1886 1445 1960 patrem.
1495 1879 1626 1943 Hoc
1665 1887 1907 1961 praeter
1953 1878 2359 1943 Prometheum
2404 1900 2531 1942 cum
2579 1880 2757 1942 sciret
2803 1901 2964 1943 nemo
3001 1887 3060 1942 et

811 1979 967 2043 Iov-is
1033 1979 1204 2041 vellet
1272 2000 1400 2042 cum
1459 2001 1527 2042 ea
1579 1982 1959 2058 concumbere,
2024 1980 2413 2043 Prometheus
2459 1979 2595 2043 Jori
2638 1980 2956 2060 pollicetur
3002 2002 3064 2043 se

813 2101 939 2142 eum
970 2086 1498 2162 praemoniturum,
1542 2080 1599 2143 si
1641 2103 1702 2143 se
1745 2081 2000 2145 vinculis
2045 2082 2365 2144 liberasset.
2414 2079 2563 2144 cet.'’
2602 2079 2782 2144 Hane
2824 2079 3060 2165 Hygini

814 2180 1232 2244 narrationem
1304 2204 1335 2242 e
1402 2180 1717 2263 tragoedia
1788 2181 2079 2267 Aeschyli
2151 2181 2493 2246 derivatam
2560 2206 2689 2245 esse
2752 2188 2927 2267 patet
2986 2204 3056 2245 ex

814 2282 1166 2345 acutissima
1228 2281 1649 2366 disputatione
1698 2282 2100 2361 W'eckleinii,
2152 2282 2413 2347 Studien
2463 2306 2540 2348 zu
2592 2282 2814 2346 Aeseh.
2866 2283 3056 2361 1872,

816 2404 876 2466 p.
946 2383 1027 2442 23
1086 2404 1240 2465 sqq„
1302 2382 1411 2465 qui
1470 2381 1692 2468 probat
1755 2383 2194 2449 Prometheum
2263 2386 2621 2448 futurorum
2687 2405 3052 2468 praesagum

812 2482 1071 2565 Iovique
1120 2506 1190 2545 ca
1237 2483 1612 2567 aperientem
1661 2486 1983 2570 proprium
2037 2486 2223 2549 fuisse
2275 2485 2587 2569 Aeschyli.

904 2582 1105 2646 Vetus
1166 2591 1298 2647 erat
1357 2584 1611 2648 traditio
1675 2607 1862 2670 quam
1912 2587 2181 2650 servavit
2228 2584 2562 2663 Pindarus,
2611 2585 2835 2649 Isthm.
2886 2584 3059 2649 VIII

819 2688 898 2745 60
973 2706 1127 2768 sqq„
1192 2683 1400 2749 Iovem
1462 2693 1526 2749 et
1579 2686 1953 2772 Neptunum
2004 2710 2143 2752 eum
2193 2686 2460 2751 Thetide
2507 2685 2916 2750 concumbere
2963 2709 3062 2750 vo-

817 2786 1025 2861 luisse,
1100 2787 1420 2850 Themidem
1482 2794 1695 2851 autem
1754 2810 1858 2852 eos
1905 2788 2369 2873 praemonuisse
2417 2811 2495 2853 ne
2546 2789 2837 2853 facerent.
2879 2786 3067 2852 Prae-

817 2895 1004 2965 terea,
1052 2893 1124 2951 ut
1167 2887 1362 2951 tradit
1409 2886 1743 2967 Hesiodus,
1791 2888 2202 2953 Prometheus
2250 2911 2374 2952 non
2414 2887 2732 2953 Themidis
2774 2888 2883 2952 sed
2921 2887 3060 2973 Oly-

819 3011 1025 3052 menes
1070 2988 1237 3052 filius
1284 2987 1425 3055 fuit.

905 3089 1183 3153 Mutavit
1230 3090 1378 3154 haee
1426 3096 1489 3154 et
1534 3090 1610 3153 ad
1659 3113 1844 3155 sunm
1893 3113 2076 3155 usum
2125 3090 2446 3177 adaptavit
2495 3090 2857 3175 Aeschylus.
2907 3087 3062 3152 The·

819 3189 1001 3253 midis
1046 3197 1252 3276 partes
1296 3190 1522 3254 tribuit
1570 3191 1939 3256 Prometheo
1989 3190 2217 3274 (Prom.
2268 3193 2391 3254 907
2445 3213 2577 3275 sqq.
2643 3212 2766 3254 non
2815 3188 3063 3252 Themis

813 3292 920 3355 sed
967 3291 1375 3355 Prometheus
1422 3314 1581 3375 quae
1628 3292 1843 3356 futura
1889 3292 2017 3356 sint
2058 3292 2295 3378 aperire
2333 3291 2719 3377 pollicetur),
2761 3298 2826 3354 et
2869 3297 2941 3352 ut
2967 3312 3064 3353 ve·

813 3391 1064 3455 risimile
1134 3391 1240 3453 fiat
1308 3414 1451 3455 eum
1530 3414 1752 3456 arcana
1820 3392 2195 3476 cognovisse,
2272 3392 2470 3456 filium
2532 3390 2854 3455 Themidis
2918 3412 3063 3454 eum

815 3491 1000 3556 fuisse
1061 3493 1260 3576 fingit.
1319 3491 1536 3556 Totam
1597 3492 1978 3557 Weckleinii
2042 3493 2532 3578 disputationem
2581 3516 2886 3579 exponere
2933 3491 3064 3555 lon·

813 3615 961 3678 gum
1023 3602 1137 3670 est,
1201 3594 1433 3677 legenti
1501 3616 1644 3657 vero
1703 3593 1845 3658 luce
1905 3594 2132 3658 elarius
2176 3595 2248 3657 fit
2293 3593 2619 3658 historiam
2673 3592 3061 3669 Promethei,

810 3717 998 3779 qnam
1056 3694 1303 3758 exhibet
1362 3694 1699 3778 tragoedia,
1763 3695 1871 3758 uni
1938 3695 2149 3759 deberi
2199 3694 2505 3780 Aeschylo
2559 3703 2622 3758 et
2666 3717 2882 3758 verum
2930 3716 3060 3757 esse

807 3795 977 3879 quod
1026 3818 1085 3881 p.
1140 3800 1221 3858 26
1271 3796 1538 3879 legitur:
1589 3821 1717 3874 „so
1765 3798 1845 3859 ist
1874 3845 2067 3861 .....
2119 3797 2411 3860 erwiesen
2459 3796 2596 3859 dass
2643 3795 2743 3859 die
2786 3794 3062 3859 Darstel·

804 3896 1019 3980 „luug
1064 3897 1170 3960 des
1218 3896 1447 3981 Hygin,
1497 3898 1618 3962 fab.
1675 3902 1774 3977 54,
1817 3920 1973 3981 ganz
2014 3898 2125 3961 auf
2156 3898 2253 3961 die
2280 3896 2621 3983 Tragoedie
2658 3899 2766 3961 des
2794 3895 3061 3980 Aeschy-

804 3997 959 4075 „lus
1007 3999 1457 4083 zuriiekgeht.''

901 4101 959 4164 6.
1005 4097 1151 4162 Fab.
1231 4104 1352 4163 136
1417 4101 1684 4184 legitur:
1752 4101 2195 4182 „Melanippen
2259 4101 2596 4164 Desmontis
2659 4100 2851 4181 filiam
2922 4098 3065 4179 (sive

813 4202 978 4264 Aeoli
1025 4209 1093 4263 nt
1139 4203 1252 4264 alii
1291 4210 1494 4283 poetae
1538 4204 1775 4281 dicunt)
1823 4202 2302 4281 formosissimam
2352 4202 2669 4283 Neptunus
2709 4198 3062 4281 compressit,

811 4326 880 4363 ea·
925 4324 1040 4385 qna
1081 4304 1410 4384 procreavit
1443 4303 1613 4387 filios
1658 4305 1819 4366 duos.
1869 4305 2025 4385 quod
2066 4326 2194 4365 cum
2244 4304 2584 4365 Desmontes
2629 4302 2893 4366 rescisset
2933 4299 3062 4362 Me-

810 4403 1086 4485 lanippen
1148 4404 1476 4468 excecavit
1537 4411 1594 4466 et
1660 4402 1722 4466 in
1769 4404 2123 4466 munimento
2168 4403 2472 4480 conclusit,
2520 4403 2668 4467 cet.''
2715 4400 2810 4464 De
2858 4450 2899 4479 „
2934 4396 3057 4466 Me-

802 4503 1040 4584 lanippe
1107 4505 1441 4569 Desmontis
1493 4501 1669 4586 fitia''
1726 4528 1758 4565 e
1821 4504 2249 4580 „Maxula-nn
2324 4503 2663 4580 &eo-,miris
2730 4509 2867 4566 orto
2932 4500 3059 4567 vid.
