3875 5634
1903 704 2079 750 Ans.
2971 689 3053 752 97

855 899 1022 941 mum
1096 883 1310 940 contra
1366 875 1433 939 in
1499 873 1824 959 Aeschylei
1887 871 2240 938 Promethei
2304 873 2558 940 historia
2616 882 2838 940 tenent
2884 874 3091 939 locum

853 993 904 1057 si
966 992 1282 1057 involucra
1341 989 1631 1077 parodiae
1689 1011 2044 1055 amovemus
2089 997 2154 1053 et
2198 1011 2342 1055 vera
2383 990 2773 1056 restituimus
2824 991 3096 1070 nomina,

848 1130 1010 1193 quae
1053 1128 1223 1173 nune
1268 1107 1445 1192 quasi
1497 1127 1605 1193 per
1653 1104 1982 1190 caliginem
2036 1104 2336 1171 videmus.

943 1223 1020 1288 In
1063 1230 1405 1309 utrumque
1451 1244 1638 1307 quem
1678 1222 1963 1287 novimus
2010 1219 2446 1287 Prometheum
2499 1222 2734 1287 multae
2758 1229 3099 1287 occurrunt

855 1347 1037 1404 notae
1099 1337 1568 1425 geographicae,
1628 1337 1715 1402 ita
1776 1344 1851 1401 ut
1912 1336 2166 1402 minime
2227 1337 2311 1403 sit
2369 1335 2721 1402 mirandum
2768 1335 3105 1402 nonnullas

855 1455 1039 1520 etiam
1112 1456 1173 1519 in
1248 1453 1525 1535 Πυρφέρῳ
1593 1452 1878 1531 inveniri,
1943 1452 2006 1517 in
2070 1475 2195 1538 quo
2251 1452 2531 1519 dramate
2585 1454 2684 1518 via
2731 1461 2891 1519 esset
2936 1475 3107 1518 mon·

856 1571 1107 1637 stranda
1174 1593 1299 1655 qua
1359 1569 1764 1636 abducendus
1817 1575 1978 1635 essct
2021 1567 2428 1635 Prometheus
2473 1571 2537 1635 iu
2585 1572 2791 1651 χθονὸς
2836 1570 3105 1651 τηλουρὸν

854 1689 1046 1752 πέδον.
1095 1688 1269 1752 Haec
1315 1686 1480 1752 orbis
1524 1693 1831 1751 terrarum
1879 1707 2021 1771 pars
2066 1684 2144 1750 ad
2176 1686 2633 1772 septentriones
2673 1684 2997 1771 vergebat3
3037 1684 3105 1749 in

857 1802 1067 1868 endem
1120 1803 1370 1887 regione
1415 1801 1826 1866 inveniuntur
1873 1801 2007 1865 loca
2054 1824 2090 1864 a
2138 1801 2326 1866 choro
2371 1807 2752 1867 enumerata.

1040 1920 1231 1984 1473.
1278 1916 1403 1983 ἔστι
1448 1917 1564 1998 γὰρ
1610 1916 1831 1998 δένδρον
1875 1918 2142 1998 πεφυκὸς

1281 2082 1471 2098 .....
1521 2031 1761 2114 καρδίαις
1805 2031 1873 2096 ἆ-

1277 2148 1524 2231 πωτέρω.

858 2265 1084 2331 Cardia
1144 2272 1240 2331 est
1299 2264 1450 2330 urbs
1510 2263 1873 2331 Chersonesi
1935 2264 2238 2345 Thracici,
2302 2265 2535 2330 Herod.
2603 2262 2700 2328 VI
2764 2266 2868 2329 33.
2917 2262 3106 2329 Thra·

855 2384 1008 2447 eiam
1056 2380 1324 2447 Triballi
1374 2382 1482 2464 (ve.
1536 2383 1731 2464 1529)
1780 2361 2087 2446 incolunt.
2142 2379 2362 2445 Strabo
2411 2378 2544 2444 VII
2586 2402 2648 2466 p.
2697 2382 2846 2459 295,
2899 2380 3047 2442 305.

1037 2500 1228 2562 1452.
1277 2494 1400 2561 ἔστι
1444 2490 1579 2562 δὀιῦ
1624 2496 1795 2577 χώρα
1843 2496 1980 2577 πρὸς
2023 2496 2184 2576 αὐτῷ

1277 2613 1359 2693 τῷ
1403 2610 1591 2692 σκότῳ
1635 2609 1811 2692 πόρρω
1855 2634 1945 2685 τις
1991 2611 2050 2676 ἓν

1277 2736 1350 2807 τῇ
1398 2725 1634 2807 λύχνων
1677 2725 1908 2809 ἐρημίᾳ.

854 2867 1014 2930 quae
1103 2843 1291 2910 etiam
1362 2843 1412 2907 si
1480 2841 1778 2907 tacuisset
1844 2839 2178 2907 scholiasta
2235 2840 2667 2927 unusquisque
2728 2861 2839 2926 pro
2905 2841 2965 2906 ἐν
3025 2848 3099 2922 τῇ

852 2961 1086 3026 Σκυθῶν
1129 2958 1340 3042 ἐρημίᾳ
1384 2957 1553 3023 dicta
1599 2979 1730 3022 esse
1776 2956 2187 3042 intellegeret.
2236 2954 2453 3042 Pergit
2499 2964 2719 3043 poeta:

1277 3071 1411 3138 ἔνθα
1458 3079 1584 3146 τοῖς
1630 3069 1828 3153 ἥρωσιν
1877 3070 2079 3153 ἄνθρω-

1277 3209 1373 3253 ποι
1418 3183 1792 3269 ξυναριστῶσι
1838 3185 1944 3252 καὶ
1994 3184 2123 3262 ξύν-

1281 3325 1406 3367 εισι.

860 3420 1180 3501 Quaenam
1228 3417 1312 3482 sit
1356 3417 1468 3482 illa
1514 3418 1684 3503 regio
1730 3439 1844 3482 nos
1891 3418 2074 3483 docet
2120 3416 2429 3483 Pindarus
2475 3416 2663 3504 Pyth.
2712 3415 2771 3481 X
2818 3418 2901 3482 30

1280 3532 1451 3599 vave-i
1499 3533 1552 3598 δ’
1602 3533 1733 3598 οὔτε
1776 3532 1952 3614 πεζὸς
2000 3534 2095 3599 ἰὼν
2136 3532 2290 3613 τάχ’
2341 3530 2513 3615 εὕροις

1280 3649 1338 3722 ἐς
1386 3648 1777 3729 ’Ὑπερβορέων
1821 3649 2032 3727 iri-iux
2079 3650 2398 3726 θαυματὰν
2445 3647 2589 3713 ὁδόν.

1279 3763 1418 3844 παρ’
1466 3757 1544 3835 οἷς
1591 3786 1736 3828 ποτε
1781 3763 2029 3844 Περσεὺς
2076 3763 2350 3828 &aiem-0
2396 3762 2686 3843 λαγέτας,

1281 3877 1513 3956 δώματ’
1557 3878 1819 3943 ἐσελθών.

946 3993 1151 4058 Arbor
1195 4014 1283 4057 vs.
1340 3994 1507 4057 1473
1555 4013 1714 4076 quae
1759 3993 1842 4056 sit
1888 4014 2107 4057 eruere
2145 4014 2270 4056 non
2310 3992 2509 4079 potui.
2561 3989 2844 4056 Nimium
2895 3989 3103 4056 differt

858 4107 1034 4173 arbor
1094 4107 1613 4193 Argippaeorum,
1675 4107 1910 4171 Herod.
1976 4105 2070 4171 IV
2137 4109 2241 4187 23,
2304 4128 2463 4191 quae
2525 4113 2803 4192 tempore
2849 4105 3108 4170 hiemali

858 4223 1176 4309 obtegitur
1222 4221 1528 4286 velamine
1572 4220 1751 4285 lanae
1800 4229 2069 4301 coactae,
2117 4221 2352 4287 vernali
2397 4221 2726 4306 retegitur.

943 4336 1461 4423 Investigandum
1506 4340 1600 4401 est
1641 4334 1865 4400 deinde
1912 4337 2022 4421 qui
2070 4337 2198 4401 sint
2244 4335 2593 4407 Σκιάποδες.

857 4452 964 4520 Vs.
1016 4455 1208 4519 1553.
1280 4456 1418 4535 πρὸς
1465 4451 1530 4517 δὲ
1573 4459 1699 4525 τοῖς
1743 4451 2065 4517 Σκιάποσιν
2108 4451 2191 4516 >J-

1279 4591 1399 4647 μνη
1447 4591 1537 4641 τις
1582 4565 1706 4632 ἔστι
1751 4565 1872 4631 xri.
