3875 5634
1820 685 2057 731 man.
2892 666 3014 731 177

799 877 938 919 mae
986 861 1189 935 notae,
1237 861 1303 917 at
1346 851 1623 917 eiusdem
1669 850 1910 915 farinae
1955 857 2052 914 est
2094 849 2274 916 lusus
2319 849 2570 916 Thesm.
2624 854 2827 915 1215:
2871 856 3042 934 ὀρτῶς

803 971 866 1036 δέ
911 994 968 1034 τι
1014 969 1222 1046 συβίνη
1270 966 1408 1030 ἰι-τί·
1455 963 1811 1041 καταβινῆσι
1858 962 2002 1044 γάρ.

900 1082 1081 1148 Adde
1127 1081 1387 1146 tertium
1435 1078 1641 1142 locum
1689 1076 1977 1163 Alciphr.
2027 1075 2134 1141 ΙΙΙ
2179 1079 2220 1141 4
2267 1078 2686 1155 Πκλκμήδειον
2727 1077 3059 1159 βούλευμα.

814 1305 923 1370 Vs.
978 1296 1189 1366 1443.
1260 1299 1400 1367 ὅταν
1445 1300 1526 1365 τὰ
1570 1305 1665 1365 νῦν
1713 1298 1950 1365 demo-rx
2000 1300 2156 1365 πίσθ’
2208 1300 2510 1379 ἡγώμεθα,

1264 1416 1347 1480 τὰ.
1392 1415 1445 1479 δ’
1494 1413 1634 1479 ὄντα
1677 1414 1839 1479 πίστ’
1885 1412 2135 1479 ἄπιστοι.

905 1533 1079 1596 Haec
1125 1529 1330 1608 verba,
1378 1529 1611 1614 quibus
1670 1528 2000 1614 respondet
2037 1527 2372 1614 Euripides
2410 1527 2672 1614 Dionysi
2713 1530 3065 1613 quaestioni

823 1647 1015 1723 1435,
1065 1666 1189 1708 non
1241 1644 1449 1707 minus
1497 1664 1685 1726 quam
1741 1641 1906 1705 1427
1959 1664 2091 1726 sqq.
2140 1643 2276 1728 ipsa
2320 1643 2673 1727 tragoediae
2722 1642 2906 1707 verba
2943 1668 3073 1710 esse

818 1757 1124 1822 existimo,
1172 1756 1319 1821 Non
1366 1756 1530 1820 enim
1578 1756 1881 1819 intererat
1927 1753 2077 1839 quid
2124 1764 2345 1840 poetae
2393 1756 2453 1819 in
2502 1755 2719 1820 inferis
2767 1755 3062 1841 degentes

818 1876 1164 1947 censerent,
1213 1869 1318 1933 sed
1369 1867 1518 1953 quid
1570 1876 1756 1933 antea
1803 1869 1871 1932 iu
1917 1867 2260 1952 tragoediis
2304 1870 2683 1935 docuissent.
2733 1868 2962 1955 Neque
3008 1870 3073 1937 hi

825 2008 1039 2050 versus
1085 1983 1162 2049 ab
1210 1981 1533 2068 Euripidis
1579 1983 1748 2067 poesi
1794 1981 1984 2045 alieni
2032 1988 2201 2047 sunt.
2243 1979 2387 2047 Vid.
2435 1980 2511 2045 ad
2563 1983 2721 2048 Ach.
2774 1986 2925 2048 396.

915 2076 1101 2178 Quod
1186 2104 1398 2160 autem
1468 2096 1563 2159 his
1633 2093 1908 2160 versibus
1979 2095 2310 2180 respondet
2379 2096 2708 2161 consilium
2778 2098 3072 2184 Aeschyli

824 2213 1263 2275 1463—1465
1328 2209 1433 2283 τὴν
1495 2217 1608 2287 γῆν
1670 2210 1788 2274 κτὲ.
1855 2233 1890 2272 a
1951 2217 2134 2295 poeta
2198 2209 2506 2294 Aeschylo
2554 2233 2682 2275 non
2729 2213 3076 2296 profectum

820 2332 932 2404 est,
982 2333 1055 2388 ut
1100 2322 1326 2388 docent
1373 2323 1619 2387 numeri
1657 2322 1906 2386 minime
1945 2323 2183 2407 tragici.
2231 2322 2378 2387 Iure
2421 2322 2601 2387 Kock
2637 2327 3071 2389 lieo—1466

826 2441 1004 2503 uncis
1075 2438 1349 2503 inclusit.
1426 2437 1570 2501 Non
1640 2444 1848 2501 tamen
1924 2439 2035 2521 qui
2105 2437 2341 2522 patriae
2411 2438 2879 2504 amantissimus
2949 2447 3085 2503 erat

833 2552 1277 2638 Aristophanes
1330 2548 1532 2614 verbis
1584 2551 1751 2613 1459

1279 2670 1401 2737 πῶς
1449 2659 1540 2728 οὖν
1588 2689 1676 2737 τις
1724 2662 1797 2727 ἂν
1843 2663 2042 2727 σώσειε
2090 2663 2361 2736 τοιαύτην
2409 2664 2578 2728 πόλιν

1283 2774 1317 2857 ᾖ
1366 2779 1521 2856 μήτε
1565 2784 1803 2856 χλαῖναι
1852 2777 2008 2855 μήτε
2054 2776 2257 2857 σισύρα
2302 2777 2625 2859 συμφέρεις

832 2915 992 2978 quae
1039 2892 1427 2977 desperantis
1474 2898 1625 2954 sunt
1671 2912 1797 2953 uon
1844 2890 2142 2954 salutaria
2188 2891 2526 2971 suadentiS‚
2574 2891 2761 2956 finem
2808 2891 3088 2979 disputa·

833 3006 993 3070 tioni
1060 3006 1262 3070 facere
1326 3004 1558 3089 potuit.
1623 3002 1768 3068 Sine
1830 3001 2023 3067 dubio
2086 3002 2454 3069 exciderunt
2505 3006 2813 3071 nonnulla
2857 3007 3087 3091 quibus

849 3144 964 3185 vss.
1002 3122 1437 3183 1460—1466
1484 3117 1815 3182 substituti
1840 3126 2009 3182 sunt.
2048 3119 2110 3182 Si
2137 3118 2289 3202 quid
2311 3119 2512 3198 vide0‚
2541 3120 2806 3185 hocloco
2833 3121 3100 3207 Aeschy-

842 3234 974 3297 lum
1039 3255 1289 3317 quoque
1338 3233 1485 3297 fecit
1531 3239 1712 3317 poeta
1759 3233 2127 3296 suadentem
2175 3232 2415 3297 civibus
2467 3242 2539 3296 ut
2582 3236 2925 3298 sententias
2970 3243 3100 3300 stu-

840 3347 1068 3432 diaque
1131 3370 1243 3410 sua
1298 3354 1618 3411 mutarent
1667 3369 1872 3431 neque
1920 3371 1986 3411 sc
2034 3346 2391 3412 hominibus
2435 3348 2657 3412 darent
2699 3349 2819 3413 fide
2867 3371 3091 3435 parum

844 3461 1069 3546 dignis.
1133 3461 1436 3525 Salutaris
1501 3484 1644 3525 eum
1695 3462 1934 3525 consilii
1983 3470 2296 3525 auctorem
2343 3462 2532 3526 fuisse
2579 3472 2831 3548 apparet
2883 3488 2915 3526 e
2962 3486 3090 3528 ver-

845 3575 939 3640 bis
985 3575 1276 3640 Plutouis
1325 3600 1409 3639 vs.
1465 3578 1628 3639 1501
1682 3598 1812 3659 sqq.

1070 3688 1174 3753 κκὶ
1221 3689 1369 3769 σῶζε
1417 3690 1583 3753 πόλιν
1631 3690 1736 3761 τὴν
1785 3690 2074 3770 ἡμετέρκν
2120 3692 2388 3768 walam&
2434 3691 2693 3766 ἀγκθκῖς
2741 3691 2862 3754 κτὲ.

932 3804 1080 3868 Non
1140 3803 1410 3887 amplius
1460 3805 1627 3867 enim
1681 3804 1745 3867 iu
1793 3802 1908 3867 hac
1958 3813 2270 3889 postrema
2315 3804 2664 3868 comoediae
2711 3813 2887 3889 parte
2936 3804 3097 3868 iocat

772 4000 780 4006 ἱ
846 3917 1317 4002 Aristophanes,
1381 3918 1488 3981 sed
1553 3918 1709 3980 serio
1773 3918 2090 3981 theatrum
2151 3916 2426 4001 appellat
2473 3925 2546 3980 ut
2588 3918 2820 3980 iterum
2866 3917 3092 3981 civium

847 4031 1166 4096 mentibus
1234 4032 1583 4096 inculcaret
1643 4054 1801 4115 quae
1859 4032 1981 4095 iam
2032 4033 2468 4095 enuntiaverat
2514 4033 2577 4095 in
2625 4031 2936 4116 praeclara
2989 4031 3098 4096 illa

846 4145 1124 4231 parabasi
1178 4169 1262 4208 vs.
1324 4147 1446 4209 718
1495 4169 1627 4229 sqq.
1677 4145 1967 4218 πολλάκις
2016 4147 2078 4224 γ’
2126 4147 2265 4223 ἡμῖν
2315 4142 2503 4218 ἔδοξεν
2548 4146 2671 4209 κτὲ.

860 4366 958 4432 Vs.
1014 4362 1223 4434 1471.
1297 4369 1328 4442 ἦ
1375 4370 1598 4447 γλῶττ’
1648 4370 1939 4447 ὀμώμοκ’.

939 4482 1034 4547 Cf.
1084 4482 1330 4547 Thesm.
1382 4484 1528 4546 275.
1576 4480 1971 4568 „Euripides
1998 4530 2190 4547 .....
2237 4481 2441 4547 tribus
2489 4481 2779 4567 deinceps
2824 4480 3104 4547 versibus

2797 4594 2850 4636 ιε
