<?xml version="1.0" encoding="UTF-8"?>
<!DOCTYPE html PUBLIC "-//W3C//DTD XHTML 1.0 Transitional//EN"
    "http://www.w3.org/TR/xhtml1/DTD/xhtml1-transitional.dtd">
<html xmlns="http://www.w3.org/1999/xhtml" xml:lang="en" lang="en">
 <head>
  <title>
</title>
<meta http-equiv="Content-Type" content="text/html;charset=utf-8" />
  <meta name='ocr-system' content='tesseract 3.04.00' />
  <meta name='ocr-capabilities' content='ocr_page ocr_carea ocr_par ocr_line ocrx_word'/>
</head>
<body>
  <div class='ocr_page' id='page_1' title='image "./deparodiaincomo03bakhgoog_0236.png"; bbox 0 0 3875 5634; ppageno 0'>
   <div class='ocr_carea' id='block_1_1' title="bbox 812 685 2021 747">
    <p class='ocr_par' dir='ltr' id='par_1_1' title="bbox 812 685 2021 747">
     <span class='ocr_line' id='line_1_1' title="bbox 812 685 2021 747; baseline -0.001 -1"><span class='ocrx_word' id='word_1_1' title='bbox 812 685 936 747; x_wconf 73' lang='lat'><strong>188</strong></span> <span class='ocrx_word' id='word_1_2' title='bbox 1767 698 2021 746; x_wconf 67' lang='lat' dir='ltr'><strong>nerea.</strong></span> 
     </span>
    </p>
   </div>
   <div class='ocr_carea' id='block_1_2' title="bbox 767 864 3032 4585">
    <p class='ocr_par' dir='ltr' id='par_1_2' title="bbox 767 864 3024 2200">
     <span class='ocr_line' id='line_1_2' title="bbox 776 864 3018 953; baseline 0.002 -22"><span class='ocrx_word' id='word_1_3' title='bbox 776 867 1204 932; x_wconf 87' lang='lat' dir='ltr'><strong>abiudieemus</strong></span> <span class='ocrx_word' id='word_1_4' title='bbox 1267 864 1516 930; x_wconf 87' lang='lat' dir='ltr'><strong>nullum</strong></span> <span class='ocrx_word' id='word_1_5' title='bbox 1562 866 1712 930; x_wconf 86' lang='lat' dir='ltr'><strong>satis</strong></span> <span class='ocrx_word' id='word_1_6' title='bbox 1756 866 2005 931; x_wconf 87' lang='lat' dir='ltr'><strong>firmum</strong></span> <span class='ocrx_word' id='word_1_7' title='bbox 2055 868 2225 951; x_wconf 85' lang='lat' dir='ltr'><strong>cogit</strong></span> <span class='ocrx_word' id='word_1_8' title='bbox 2273 876 2737 953; x_wconf 78' lang='lat' dir='ltr'><strong>argumentum,</strong></span> <span class='ocrx_word' id='word_1_9' title='bbox 2779 871 2832 933; x_wconf 87' lang='lat' dir='ltr'><strong>si</strong></span> <span class='ocrx_word' id='word_1_10' title='bbox 2879 892 3018 935; x_wconf 86' lang='lat' dir='ltr'><strong>eon-</strong></span> 
     </span>
     <span class='ocr_line' id='line_1_3' title="bbox 771 966 3016 1066; baseline 0.001 -22"><span class='ocrx_word' id='word_1_11' title='bbox 771 979 1137 1059; x_wconf 79' lang='lat' dir='ltr'><strong>sideramuS,</strong></span> <span class='ocrx_word' id='word_1_12' title='bbox 1193 982 1563 1063; x_wconf 69' lang='lat' dir='ltr'><em>probabilius</em></span> <span class='ocrx_word' id='word_1_13' title='bbox 1609 982 1697 1065; x_wconf 72' lang='lat' dir='ltr'><strong>fit</strong></span> <span class='ocrx_word' id='word_1_14' title='bbox 1754 1004 1867 1043; x_wconf 77' lang='lat' dir='ltr'><strong>noa.</strong></span> <span class='ocrx_word' id='word_1_15' title='bbox 1927 982 2119 1045; x_wconf 80' lang='lat' dir='ltr'><strong>minas</strong></span> <span class='ocrx_word' id='word_1_16' title='bbox 2162 1004 2346 1066; x_wconf 76' lang='lat' dir='ltr'><strong>neque</strong></span> <span class='ocrx_word' id='word_1_17' title='bbox 2391 966 2803 1066; x_wconf 60' lang='lat' dir='ltr'><strong>Harpisiarum</strong></span> <span class='ocrx_word' id='word_1_18' title='bbox 2848 1006 3016 1048; x_wconf 63' lang='lat' dir='ltr'><strong>ves-a-</strong></span> 
     </span>
     <span class='ocr_line' id='line_1_4' title="bbox 767 1093 3017 1178; baseline 0.001 -22"><span class='ocrx_word' id='word_1_19' title='bbox 767 1095 950 1156; x_wconf 72' lang='lat' dir='ltr'><strong>tiones</strong></span> <span class='ocrx_word' id='word_1_20' title='bbox 996 1095 1261 1178; x_wconf 76' lang='lat' dir='ltr'><strong>fabulae</strong></span> <span class='ocrx_word' id='word_1_21' title='bbox 1312 1093 1532 1155; x_wconf 51' lang='lat' dir='ltr'><strong>eat-itum</strong></span> <span class='ocrx_word' id='word_1_22' title='bbox 1575 1093 1804 1178; x_wconf 80' lang='lat' dir='ltr'><strong>fuisse,</strong></span> <span class='ocrx_word' id='word_1_23' title='bbox 1866 1097 1972 1157; x_wconf 75' lang='lat' dir='ltr'><strong>secl</strong></span> <span class='ocrx_word' id='word_1_24' title='bbox 2011 1096 2375 1158; x_wconf 71' lang='lat' dir='ltr'><em>sanationem</em></span> <span class='ocrx_word' id='word_1_25' title='bbox 2426 1096 2646 1159; x_wconf 74' lang='lat' dir='ltr'><strong>Phinei</strong></span> <span class='ocrx_word' id='word_1_26' title='bbox 2690 1098 2788 1160; x_wconf 81' lang='lat' dir='ltr'><strong>cui</strong></span> <span class='ocrx_word' id='word_1_27' title='bbox 2831 1098 3017 1160; x_wconf 72' lang='lat' dir='ltr'><strong>visum</strong></span> 
     </span>
     <span class='ocr_line' id='line_1_5' title="bbox 767 1206 3020 1289; baseline 0.001 -20"><span class='ocrx_word' id='word_1_28' title='bbox 767 1207 1099 1269; x_wconf 71' lang='lat' dir='ltr'><strong>restituerit</strong></span> <span class='ocrx_word' id='word_1_29' title='bbox 1179 1206 1583 1287; x_wconf 68' lang='lat' dir='ltr'><strong>Aesculapius,</strong></span> <span class='ocrx_word' id='word_1_30' title='bbox 1664 1208 2066 1289; x_wconf 79' lang='lat' dir='ltr'><strong>Argonautae</strong></span> <span class='ocrx_word' id='word_1_31' title='bbox 2127 1207 2292 1271; x_wconf 87' lang='lat' dir='ltr'><strong>enim</strong></span> <span class='ocrx_word' id='word_1_32' title='bbox 2354 1207 2663 1273; x_wconf 84' lang='lat' dir='ltr'><strong>Phineum</strong></span> <span class='ocrx_word' id='word_1_33' title='bbox 2727 1209 3020 1274; x_wconf 83' lang='lat' dir='ltr'><strong>adierunt</strong></span> 
     </span>
     <span class='ocr_line' id='line_1_6' title="bbox 767 1318 3022 1406; baseline 0.001 -22"><span class='ocrx_word' id='word_1_34' title='bbox 767 1320 1000 1406; x_wconf 89' lang='lat' dir='ltr'><strong>(Apoll.</strong></span> <span class='ocrx_word' id='word_1_35' title='bbox 1072 1319 1212 1396; x_wconf 70' lang='lat' dir='ltr'><strong>Rh„</strong></span> <span class='ocrx_word' id='word_1_36' title='bbox 1264 1318 1576 1404; x_wconf 77' lang='lat' dir='ltr'><strong>Apollod,</strong></span> <span class='ocrx_word' id='word_1_37' title='bbox 1623 1321 1788 1404; x_wconf 84' lang='lat' dir='ltr'><strong>Hyg.</strong></span> <span class='ocrx_word' id='word_1_38' title='bbox 1839 1320 1882 1383; x_wconf 92' lang='lat' dir='ltr'><strong>l.</strong></span> <span class='ocrx_word' id='word_1_39' title='bbox 1933 1318 2000 1402; x_wconf 92' lang='lat' dir='ltr'><strong>l.)</strong></span> <span class='ocrx_word' id='word_1_40' title='bbox 2047 1319 2111 1383; x_wconf 91' lang='lat' dir='ltr'><strong>in</strong></span> <span class='ocrx_word' id='word_1_41' title='bbox 2159 1342 2432 1403; x_wconf 88' lang='lat' dir='ltr'><strong>quorum</strong></span> <span class='ocrx_word' id='word_1_42' title='bbox 2479 1344 2744 1387; x_wconf 85' lang='lat' dir='ltr'><strong>numero</strong></span> <span class='ocrx_word' id='word_1_43' title='bbox 2791 1346 2826 1385; x_wconf 90' lang='lat' dir='ltr'><strong>a</strong></span> <span class='ocrx_word' id='word_1_44' title='bbox 2870 1344 3022 1387; x_wconf 90' lang='lat' dir='ltr'><strong>non-</strong></span> 
     </span>
     <span class='ocr_line' id='line_1_7' title="bbox 771 1431 3019 1520; baseline -0 -21"><span class='ocrx_word' id='word_1_45' title='bbox 771 1433 966 1499; x_wconf 86' lang='lat' dir='ltr'><strong>nullis</strong></span> <span class='ocrx_word' id='word_1_46' title='bbox 1032 1432 1474 1517; x_wconf 80' lang='lat' dir='ltr'><strong>Aesculapium</strong></span> <span class='ocrx_word' id='word_1_47' title='bbox 1543 1431 1823 1496; x_wconf 86' lang='lat' dir='ltr'><strong>habitmn</strong></span> <span class='ocrx_word' id='word_1_48' title='bbox 1885 1433 2076 1497; x_wconf 80' lang='lat' dir='ltr'><strong>fuisse</strong></span> <span class='ocrx_word' id='word_1_49' title='bbox 2122 1443 2379 1520; x_wconf 85' lang='lat' dir='ltr'><strong>apparet</strong></span> <span class='ocrx_word' id='word_1_50' title='bbox 2428 1457 2503 1497; x_wconf 85' lang='lat' dir='ltr'><strong>ex</strong></span> <span class='ocrx_word' id='word_1_51' title='bbox 2548 1436 2711 1518; x_wconf 73' lang='lat' dir='ltr'><strong>Hyg.</strong></span> <span class='ocrx_word' id='word_1_52' title='bbox 2762 1434 2884 1500; x_wconf 80' lang='lat' dir='ltr'><strong>sab.</strong></span> <span class='ocrx_word' id='word_1_53' title='bbox 2939 1437 3019 1499; x_wconf 75' lang='lat'><strong>14</strong></span> 
     </span>
     <span class='ocr_line' id='line_1_8' title="bbox 771 1545 3020 1633; baseline 0 -22"><span class='ocrx_word' id='word_1_54' title='bbox 771 1548 902 1631; x_wconf 87' lang='lat' dir='ltr'><strong>(ubi</strong></span> <span class='ocrx_word' id='word_1_55' title='bbox 951 1547 1306 1633; x_wconf 82' lang='lat' dir='ltr'><strong>Aesculapii</strong></span> <span class='ocrx_word' id='word_1_56' title='bbox 1350 1554 1413 1610; x_wconf 85' lang='lat' dir='ltr'><strong>et</strong></span> <span class='ocrx_word' id='word_1_57' title='bbox 1451 1545 1777 1611; x_wconf 78' lang='lat' dir='ltr'><strong>duodecim</strong></span> <span class='ocrx_word' id='word_1_58' title='bbox 1819 1546 2082 1610; x_wconf 88' lang='lat' dir='ltr'><strong>aliorum</strong></span> <span class='ocrx_word' id='word_1_59' title='bbox 2108 1547 2363 1611; x_wconf 89' lang='lat' dir='ltr'><strong>nomina</strong></span> <span class='ocrx_word' id='word_1_60' title='bbox 2387 1548 2694 1633; x_wconf 79' lang='lat' dir='ltr'><strong>expunxit</strong></span> <span class='ocrx_word' id='word_1_61' title='bbox 2719 1546 3020 1627; x_wconf 79' lang='lat' dir='ltr'><strong>Schmidt,</strong></span> 
     </span>
     <span class='ocr_line' id='line_1_9' title="bbox 773 1658 3020 1746; baseline -0.001 -19"><span class='ocrx_word' id='word_1_62' title='bbox 773 1670 846 1727; x_wconf 90' lang='lat' dir='ltr'><strong>ut</strong></span> <span class='ocrx_word' id='word_1_63' title='bbox 905 1662 1155 1726; x_wconf 85' lang='lat' dir='ltr'><strong>videtur</strong></span> <span class='ocrx_word' id='word_1_64' title='bbox 1203 1660 1350 1743; x_wconf 89' lang='lat' dir='ltr'><strong>quia</strong></span> <span class='ocrx_word' id='word_1_65' title='bbox 1396 1661 1460 1724; x_wconf 91' lang='lat' dir='ltr'><strong>in</strong></span> <span class='ocrx_word' id='word_1_66' title='bbox 1509 1659 1813 1746; x_wconf 88' lang='lat' dir='ltr'><strong>Apollinii</strong></span> <span class='ocrx_word' id='word_1_67' title='bbox 1861 1658 1982 1723; x_wconf 83' lang='lat' dir='ltr'><strong>Rh.</strong></span> <span class='ocrx_word' id='word_1_68' title='bbox 2032 1660 2314 1744; x_wconf 89' lang='lat' dir='ltr'><strong>catalogo</strong></span> <span class='ocrx_word' id='word_1_69' title='bbox 2362 1660 2610 1740; x_wconf 78' lang='lat' dir='ltr'><strong>desunt,</strong></span> <span class='ocrx_word' id='word_1_70' title='bbox 2662 1661 2738 1724; x_wconf 84' lang='lat' dir='ltr'><strong>ef.</strong></span> <span class='ocrx_word' id='word_1_71' title='bbox 2788 1659 3020 1725; x_wconf 87' lang='lat' dir='ltr'><strong>Philol.</strong></span> 
     </span>
     <span class='ocr_line' id='line_1_10' title="bbox 776 1773 3024 1860; baseline 0 -21"><span class='ocrx_word' id='word_1_72' title='bbox 776 1777 939 1840; x_wconf 69' lang='lat'>1867</span> <span class='ocrx_word' id='word_1_73' title='bbox 1009 1798 1069 1860; x_wconf 85' lang='lat' dir='ltr'><strong>p.</strong></span> <span class='ocrx_word' id='word_1_74' title='bbox 1129 1777 1279 1857; x_wconf 78' lang='lat'>432)</span> <span class='ocrx_word' id='word_1_75' title='bbox 1345 1783 1409 1838; x_wconf 86' lang='lat' dir='ltr'><strong>et</strong></span> <span class='ocrx_word' id='word_1_76' title='bbox 1472 1773 1667 1839; x_wconf 86' lang='lat' dir='ltr'><strong>Clem.</strong></span> <span class='ocrx_word' id='word_1_77' title='bbox 1733 1773 1936 1853; x_wconf 66' lang='lat' dir='ltr'><strong>Alex„</strong></span> <span class='ocrx_word' id='word_1_78' title='bbox 2004 1774 2231 1840; x_wconf 87' lang='lat' dir='ltr'><strong>Strom.</strong></span> <span class='ocrx_word' id='word_1_79' title='bbox 2278 1774 2310 1837; x_wconf 94' lang='lat' dir='ltr'>I</span> <span class='ocrx_word' id='word_1_80' title='bbox 2360 1799 2420 1860; x_wconf 86' lang='lat' dir='ltr'><strong>p.</strong></span> <span class='ocrx_word' id='word_1_81' title='bbox 2471 1778 2597 1838; x_wconf 75' lang='lat'><strong>322</strong></span> <span class='ocrx_word' id='word_1_82' title='bbox 2641 1775 2737 1853; x_wconf 68' lang='lat' dir='ltr'><strong>B„</strong></span> <span class='ocrx_word' id='word_1_83' title='bbox 2786 1777 2898 1859; x_wconf 86' lang='lat' dir='ltr'><strong>qui</strong></span> <span class='ocrx_word' id='word_1_84' title='bbox 2942 1776 3024 1840; x_wconf 90' lang='lat' dir='ltr'><strong>ad</strong></span> 
     </span>
     <span class='ocr_line' id='line_1_11' title="bbox 777 1887 3022 1975; baseline 0 -22"><span class='ocrx_word' id='word_1_85' title='bbox 777 1889 1179 1975; x_wconf 84' lang='lat' dir='ltr'><strong>Apollonium</strong></span> <span class='ocrx_word' id='word_1_86' title='bbox 1230 1896 1541 1974; x_wconf 85' lang='lat' dir='ltr'><strong>provocat.</strong></span> <span class='ocrx_word' id='word_1_87' title='bbox 1585 1888 2031 1972; x_wconf 82' lang='lat' dir='ltr'><strong>Aesculapium</strong></span> <span class='ocrx_word' id='word_1_88' title='bbox 2070 1887 2395 1952; x_wconf 87' lang='lat' dir='ltr'><strong>Phineidis</strong></span> <span class='ocrx_word' id='word_1_89' title='bbox 2434 1889 2634 1952; x_wconf 79' lang='lat' dir='ltr'><strong>visum</strong></span> <span class='ocrx_word' id='word_1_90' title='bbox 2676 1889 3022 1954; x_wconf 73' lang='lat' dir='ltr'><strong>restituisse</strong></span> 
     </span>
     <span class='ocr_line' id='line_1_12' title="bbox 776 2000 3020 2087; baseline -0.001 -19"><span class='ocrx_word' id='word_1_91' title='bbox 776 2012 988 2068; x_wconf 82' lang='lat' dir='ltr'><strong>narrat</strong></span> <span class='ocrx_word' id='word_1_92' title='bbox 1052 2001 1440 2087; x_wconf 78' lang='lat' dir='ltr'><strong>Phylarchus</strong></span> <span class='ocrx_word' id='word_1_93' title='bbox 1503 2000 1706 2065; x_wconf 84' lang='lat' dir='ltr'><strong>Schol.</strong></span> <span class='ocrx_word' id='word_1_94' title='bbox 1747 2000 1929 2065; x_wconf 85' lang='lat' dir='ltr'><strong>Pind.</strong></span> <span class='ocrx_word' id='word_1_95' title='bbox 1982 2000 2167 2085; x_wconf 71' lang='lat' dir='ltr'><strong>Pyth.</strong></span> <span class='ocrx_word' id='word_1_96' title='bbox 2218 2000 2324 2064; x_wconf 92' lang='lat' dir='ltr'><strong>III</strong></span> <span class='ocrx_word' id='word_1_97' title='bbox 2378 2006 2460 2064; x_wconf 79' lang='lat'><strong>96</strong></span> <span class='ocrx_word' id='word_1_98' title='bbox 2510 2007 2572 2065; x_wconf 83' lang='lat' dir='ltr'><strong>et</strong></span> <span class='ocrx_word' id='word_1_99' title='bbox 2621 2002 2789 2065; x_wconf 82' lang='lat' dir='ltr'><strong>Sext.</strong></span> <span class='ocrx_word' id='word_1_100' title='bbox 2840 2001 3020 2087; x_wconf 86' lang='lat' dir='ltr'><strong>Emp.</strong></span> 
     </span>
     <span class='ocr_line' id='line_1_13' title="bbox 774 2117 1531 2200; baseline -0.001 -20"><span class='ocrx_word' id='word_1_101' title='bbox 774 2117 911 2181; x_wconf 76' lang='lat' dir='ltr'><strong>adv.</strong></span> <span class='ocrx_word' id='word_1_102' title='bbox 960 2138 1216 2199; x_wconf 87' lang='lat' dir='ltr'><strong>gramm.</strong></span> <span class='ocrx_word' id='word_1_103' title='bbox 1269 2139 1329 2200; x_wconf 84' lang='lat' dir='ltr'><strong>p.</strong></span> <span class='ocrx_word' id='word_1_104' title='bbox 1384 2118 1531 2179; x_wconf 70' lang='lat'>272.</span> 
     </span>
    </p>

    <p class='ocr_par' dir='ltr' id='par_1_3' title="bbox 775 2226 3026 3089">
     <span class='ocr_line' id='line_1_14' title="bbox 869 2226 3025 2304; baseline 0 -13"><span class='ocrx_word' id='word_1_105' title='bbox 869 2228 1041 2292; x_wconf 90' lang='lat' dir='ltr'><strong>Haec</strong></span> <span class='ocrx_word' id='word_1_106' title='bbox 1098 2250 1240 2290; x_wconf 81' lang='lat' dir='ltr'><strong>vero</strong></span> <span class='ocrx_word' id='word_1_107' title='bbox 1289 2227 1664 2304; x_wconf 86' lang='lat' dir='ltr'><strong>coniectura,</strong></span> <span class='ocrx_word' id='word_1_108' title='bbox 1714 2249 1855 2290; x_wconf 89' lang='lat' dir='ltr'><strong>eum</strong></span> <span class='ocrx_word' id='word_1_109' title='bbox 1903 2226 1980 2291; x_wconf 88' lang='lat' dir='ltr'><strong>de</strong></span> <span class='ocrx_word' id='word_1_110' title='bbox 2027 2235 2241 2290; x_wconf 79' lang='lat' dir='ltr'><strong>sanato</strong></span> <span class='ocrx_word' id='word_1_111' title='bbox 2291 2226 2529 2291; x_wconf 89' lang='lat' dir='ltr'><strong>Phineo</strong></span> <span class='ocrx_word' id='word_1_112' title='bbox 2578 2227 2733 2292; x_wconf 83' lang='lat' dir='ltr'><strong>nihil</strong></span> <span class='ocrx_word' id='word_1_113' title='bbox 2781 2228 3025 2292; x_wconf 85' lang='lat' dir='ltr'><strong>invene-</strong></span> 
     </span>
     <span class='ocr_line' id='line_1_15' title="bbox 776 2338 3023 2426; baseline 0 -21"><span class='ocrx_word' id='word_1_114' title='bbox 776 2342 889 2406; x_wconf 89' lang='lat' dir='ltr'><strong>rim</strong></span> <span class='ocrx_word' id='word_1_115' title='bbox 956 2362 1160 2424; x_wconf 90' lang='lat' dir='ltr'><strong>neque</strong></span> <span class='ocrx_word' id='word_1_116' title='bbox 1227 2339 1399 2404; x_wconf 88' lang='lat' dir='ltr'><strong>Plut.</strong></span> <span class='ocrx_word' id='word_1_117' title='bbox 1467 2342 1592 2402; x_wconf 76' lang='lat'><strong>635</strong></span> <span class='ocrx_word' id='word_1_118' title='bbox 1657 2338 1733 2402; x_wconf 86' lang='lat' dir='ltr'><strong>dc</strong></span> <span class='ocrx_word' id='word_1_119' title='bbox 1794 2338 2041 2404; x_wconf 87' lang='lat' dir='ltr'><strong>duobus</strong></span> <span class='ocrx_word' id='word_1_120' title='bbox 2101 2338 2424 2403; x_wconf 86' lang='lat' dir='ltr'><strong>Phineidis</strong></span> <span class='ocrx_word' id='word_1_121' title='bbox 2478 2340 2763 2425; x_wconf 84' lang='lat' dir='ltr'><strong>intellegi</strong></span> <span class='ocrx_word' id='word_1_122' title='bbox 2811 2341 3023 2426; x_wconf 85' lang='lat' dir='ltr'><strong>possit,</strong></span> 
     </span>
     <span class='ocr_line' id='line_1_16' title="bbox 778 2454 3026 2539; baseline -0.001 -18"><span class='ocrx_word' id='word_1_123' title='bbox 778 2459 1012 2521; x_wconf 87' lang='lat' dir='ltr'><strong>incerta</strong></span> <span class='ocrx_word' id='word_1_124' title='bbox 1068 2464 1179 2519; x_wconf 80' lang='lat' dir='ltr'><strong>est.</strong></span> <span class='ocrx_word' id='word_1_125' title='bbox 1243 2455 1377 2519; x_wconf 90' lang='lat' dir='ltr'><strong>Hoc</strong></span> <span class='ocrx_word' id='word_1_126' title='bbox 1427 2476 1623 2519; x_wconf 85' lang='lat' dir='ltr'><strong>unum</strong></span> <span class='ocrx_word' id='word_1_127' title='bbox 1673 2454 1961 2518; x_wconf 84' lang='lat' dir='ltr'><strong>affirmari</strong></span> <span class='ocrx_word' id='word_1_128' title='bbox 2008 2476 2183 2539; x_wconf 86' lang='lat' dir='ltr'><strong>posse</strong></span> <span class='ocrx_word' id='word_1_129' title='bbox 2231 2454 2385 2517; x_wconf 88' lang='lat' dir='ltr'><strong>mihi</strong></span> <span class='ocrx_word' id='word_1_130' title='bbox 2434 2454 2684 2519; x_wconf 85' lang='lat' dir='ltr'><strong>videtur</strong></span> <span class='ocrx_word' id='word_1_131' title='bbox 2732 2454 3026 2539; x_wconf 80' lang='lat' dir='ltr'><strong>Harpyiis</strong></span> 
     </span>
     <span class='ocr_line' id='line_1_17' title="bbox 782 2567 3025 2653; baseline -0 -20"><span class='ocrx_word' id='word_1_132' title='bbox 782 2571 843 2633; x_wconf 88' lang='lat' dir='ltr'><strong>in</strong></span> <span class='ocrx_word' id='word_1_133' title='bbox 896 2570 1169 2633; x_wconf 84' lang='lat' dir='ltr'><strong>dramate</strong></span> <span class='ocrx_word' id='word_1_134' title='bbox 1219 2568 1561 2653; x_wconf 84' lang='lat' dir='ltr'><strong>Sophocleo</strong></span> <span class='ocrx_word' id='word_1_135' title='bbox 1606 2569 1811 2632; x_wconf 78' lang='lat' dir='ltr'><strong>locum</strong></span> <span class='ocrx_word' id='word_1_136' title='bbox 1859 2590 1983 2631; x_wconf 89' lang='lat' dir='ltr'><strong>non</strong></span> <span class='ocrx_word' id='word_1_137' title='bbox 2032 2567 2220 2631; x_wconf 86' lang='lat' dir='ltr'><strong>fuisse</strong></span> <span class='ocrx_word' id='word_1_138' title='bbox 2268 2589 2495 2650; x_wconf 82' lang='lat' dir='ltr'><strong>easque</strong></span> <span class='ocrx_word' id='word_1_139' title='bbox 2543 2567 2851 2652; x_wconf 69' lang='lat' dir='ltr'><strong>Aeschylo</strong></span> <span class='ocrx_word' id='word_1_140' title='bbox 2897 2591 3025 2632; x_wconf 82' lang='lat' dir='ltr'><strong>esse</strong></span> 
     </span>
     <span class='ocr_line' id='line_1_18' title="bbox 776 2681 3024 2767; baseline 0 -21"><span class='ocrx_word' id='word_1_141' title='bbox 776 2682 1138 2747; x_wconf 82' lang='lat' dir='ltr'><strong>reddendas.</strong></span> <span class='ocrx_word' id='word_1_142' title='bbox 1207 2682 1366 2746; x_wconf 85' lang='lat' dir='ltr'><strong>Mihi</strong></span> <span class='ocrx_word' id='word_1_143' title='bbox 1417 2684 1580 2746; x_wconf 88' lang='lat' dir='ltr'><strong>euim</strong></span> <span class='ocrx_word' id='word_1_144' title='bbox 1630 2681 1999 2767; x_wconf 87' lang='lat' dir='ltr'><strong>persuadere</strong></span> <span class='ocrx_word' id='word_1_145' title='bbox 2047 2704 2169 2745; x_wconf 88' lang='lat' dir='ltr'><strong>non</strong></span> <span class='ocrx_word' id='word_1_146' title='bbox 2220 2704 2381 2764; x_wconf 87' lang='lat' dir='ltr'><strong>queo</strong></span> <span class='ocrx_word' id='word_1_147' title='bbox 2425 2689 2552 2745; x_wconf 89' lang='lat' dir='ltr'><strong>tam</strong></span> <span class='ocrx_word' id='word_1_148' title='bbox 2603 2681 3024 2746; x_wconf 86' lang='lat' dir='ltr'><strong>immemorem</strong></span> 
     </span>
     <span class='ocr_line' id='line_1_19' title="bbox 776 2792 3024 2882; baseline -0.002 -20"><span class='ocrx_word' id='word_1_149' title='bbox 776 2798 966 2862; x_wconf 85' lang='lat' dir='ltr'><strong>fuisse</strong></span> <span class='ocrx_word' id='word_1_150' title='bbox 1014 2797 1381 2882; x_wconf 87' lang='lat' dir='ltr'><strong>Sophoclem</strong></span> <span class='ocrx_word' id='word_1_151' title='bbox 1431 2796 1586 2880; x_wconf 87' lang='lat' dir='ltr'><strong>legis</strong></span> <span class='ocrx_word' id='word_1_152' title='bbox 1631 2797 1921 2881; x_wconf 78' lang='lat' dir='ltr'><strong>tragicae,</strong></span> <span class='ocrx_word' id='word_1_153' title='bbox 1972 2818 2130 2879; x_wconf 86' lang='lat' dir='ltr'><strong>quae</strong></span> <span class='ocrx_word' id='word_1_154' title='bbox 2180 2798 2324 2873; x_wconf 80' lang='grc' dir='ltr'><strong><em>μίαν</em></strong></span> <span class='ocrx_word' id='word_1_155' title='bbox 2370 2792 2579 2876; x_wconf 71' lang='grc' dir='ltr'><strong><em>πρᾶξιν</em></strong></span> <span class='ocrx_word' id='word_1_156' title='bbox 2627 2792 2765 2868; x_wconf 68' lang='grc' dir='ltr'><strong>ὅλην</strong></span> <span class='ocrx_word' id='word_1_157' title='bbox 2810 2820 2878 2860; x_wconf 76' lang='grc' dir='ltr'><strong>τε</strong></span> <span class='ocrx_word' id='word_1_158' title='bbox 2925 2796 3024 2859; x_wconf 76' lang='grc' dir='ltr'><strong>καὶ</strong></span> 
     </span>
     <span class='ocr_line' id='line_1_20' title="bbox 775 2908 3026 2996; baseline -0.001 -21"><span class='ocrx_word' id='word_1_159' title='bbox 775 2913 1003 2976; x_wconf 71' lang='grc' dir='ltr'><strong>τελείαν</strong></span> <span class='ocrx_word' id='word_1_160' title='bbox 1048 2920 1276 2996; x_wconf 85' lang='lat' dir='ltr'><strong>poseat,</strong></span> <span class='ocrx_word' id='word_1_161' title='bbox 1328 2919 1400 2974; x_wconf 88' lang='lat' dir='ltr'><strong>ut</strong></span> <span class='ocrx_word' id='word_1_162' title='bbox 1443 2909 1755 2974; x_wconf 89' lang='lat' dir='ltr'><strong>Phineum</strong></span> <span class='ocrx_word' id='word_1_163' title='bbox 1805 2910 2046 2974; x_wconf 84' lang='lat' dir='ltr'><strong>fecisset</strong></span> <span class='ocrx_word' id='word_1_164' title='bbox 2094 2908 2155 2973; x_wconf 91' lang='lat' dir='ltr'><strong>in</strong></span> <span class='ocrx_word' id='word_1_165' title='bbox 2193 2910 2407 2973; x_wconf 84' lang='lat' dir='ltr'><strong>eodem</strong></span> <span class='ocrx_word' id='word_1_166' title='bbox 2449 2908 2727 2973; x_wconf 83' lang='lat' dir='ltr'><strong>dramate</strong></span> <span class='ocrx_word' id='word_1_167' title='bbox 2767 2909 2862 2972; x_wconf 87' lang='lat' dir='ltr'><strong>bis</strong></span> <span class='ocrx_word' id='word_1_168' title='bbox 2885 2931 3026 2994; x_wconf 90' lang='lat' dir='ltr'><strong>poe-</strong></span> 
     </span>
     <span class='ocr_line' id='line_1_21' title="bbox 775 3027 1234 3089; baseline -0.004 0"><span class='ocrx_word' id='word_1_169' title='bbox 775 3048 885 3089; x_wconf 88' lang='lat' dir='ltr'><strong>nas</strong></span> <span class='ocrx_word' id='word_1_170' title='bbox 932 3027 1234 3089; x_wconf 86' lang='lat' dir='ltr'><strong>luentem.</strong></span> 
     </span>
    </p>

    <p class='ocr_par' dir='ltr' id='par_1_4' title="bbox 777 3135 3026 3557">
     <span class='ocr_line' id='line_1_22' title="bbox 867 3135 3018 3236; baseline -0.002 -34"><span class='ocrx_word' id='word_1_171' title='bbox 867 3138 984 3203; x_wconf 88' lang='lat' dir='ltr'><strong>Sed</strong></span> <span class='ocrx_word' id='word_1_172' title='bbox 1047 3139 1246 3236; x_wconf 68' lang='lat' dir='ltr'><strong>aliud⁸</strong></span> <span class='ocrx_word' id='word_1_173' title='bbox 1285 3137 1461 3203; x_wconf 86' lang='lat' dir='ltr'><strong>addit</strong></span> <span class='ocrx_word' id='word_1_174' title='bbox 1505 3144 1945 3221; x_wconf 85' lang='lat' dir='ltr'><strong>argumentum</strong></span> <span class='ocrx_word' id='word_1_175' title='bbox 1994 3135 2318 3201; x_wconf 84' lang='lat' dir='ltr'><strong>Weleker:</strong></span> <span class='ocrx_word' id='word_1_176' title='bbox 2369 3135 2587 3214; x_wconf 85' lang='lat' dir='ltr'><strong>„Dass</strong></span> <span class='ocrx_word' id='word_1_177' title='bbox 2626 3136 2735 3200; x_wconf 89' lang='lat' dir='ltr'><strong>das</strong></span> <span class='ocrx_word' id='word_1_178' title='bbox 2784 3135 3018 3198; x_wconf 84' lang='lat' dir='ltr'><strong>Drama</strong></span> 
     </span>
     <span class='ocr_line' id='line_1_23' title="bbox 777 3249 3026 3337; baseline -0.002 -20"><span class='ocrx_word' id='word_1_179' title='bbox 777 3253 952 3330; x_wconf 88' lang='lat' dir='ltr'><strong>„den</strong></span> <span class='ocrx_word' id='word_1_180' title='bbox 1004 3255 1306 3337; x_wconf 83' lang='lat' dir='ltr'><strong>Ausgang</strong></span> <span class='ocrx_word' id='word_1_181' title='bbox 1349 3252 1559 3328; x_wconf 86' lang='lat' dir='ltr'><strong>nahm,</strong></span> <span class='ocrx_word' id='word_1_182' title='bbox 1601 3250 1719 3315; x_wconf 85' lang='lat' dir='ltr'><strong>den</strong></span> <span class='ocrx_word' id='word_1_183' title='bbox 1766 3252 1876 3314; x_wconf 84' lang='lat' dir='ltr'><strong>wir</strong></span> <span class='ocrx_word' id='word_1_184' title='bbox 1919 3249 2019 3314; x_wconf 89' lang='lat' dir='ltr'><strong>bei</strong></span> <span class='ocrx_word' id='word_1_185' title='bbox 2066 3250 2467 3335; x_wconf 81' lang='lat' dir='ltr'><strong>Asclepiades</strong></span> <span class='ocrx_word' id='word_1_186' title='bbox 2516 3249 2746 3328; x_wconf 84' lang='lat' dir='ltr'><strong>finden,</strong></span> <span class='ocrx_word' id='word_1_187' title='bbox 2795 3250 2878 3313; x_wconf 88' lang='lat' dir='ltr'><strong>ist</strong></span> <span class='ocrx_word' id='word_1_188' title='bbox 2923 3250 3026 3314; x_wconf 88' lang='lat' dir='ltr'><strong>da-</strong></span> 
     </span>
     <span class='ocr_line' id='line_1_24' title="bbox 780 3362 3026 3451; baseline -0.002 -20"><span class='ocrx_word' id='word_1_189' title='bbox 780 3390 978 3444; x_wconf 87' lang='lat' dir='ltr'><strong>„raus</strong></span> <span class='ocrx_word' id='word_1_190' title='bbox 1024 3367 1182 3444; x_wconf 87' lang='lat' dir='ltr'><strong>klar,</strong></span> <span class='ocrx_word' id='word_1_191' title='bbox 1231 3367 1370 3431; x_wconf 81' lang='lat' dir='ltr'><strong>dass</strong></span> <span class='ocrx_word' id='word_1_192' title='bbox 1417 3366 1518 3430; x_wconf 90' lang='lat' dir='ltr'><strong>die</strong></span> <span class='ocrx_word' id='word_1_193' title='bbox 1565 3364 1905 3451; x_wconf 86' lang='lat' dir='ltr'><strong>Harpyien,</strong></span> <span class='ocrx_word' id='word_1_194' title='bbox 1955 3365 2072 3428; x_wconf 88' lang='lat' dir='ltr'><strong>mit</strong></span> <span class='ocrx_word' id='word_1_195' title='bbox 2116 3364 2257 3428; x_wconf 90' lang='lat' dir='ltr'><strong>dem</strong></span> <span class='ocrx_word' id='word_1_196' title='bbox 2306 3363 2611 3427; x_wconf 77' lang='lat' dir='ltr'><strong>Beiworte</strong></span> <span class='ocrx_word' id='word_1_197' title='bbox 2651 3362 3026 3441; x_wconf 69' lang='grc' dir='ltr'><strong><em>καταράκται</em></strong></span> 
     </span>
     <span class='ocr_line' id='line_1_25' title="bbox 781 3478 1688 3557; baseline -0.003 -13"><span class='ocrx_word' id='word_1_198' title='bbox 781 3480 916 3557; x_wconf 85' lang='lat' dir='ltr'><strong>„im</strong></span> <span class='ocrx_word' id='word_1_199' title='bbox 967 3480 1248 3544; x_wconf 87' lang='lat' dir='ltr'><strong>Phineus</strong></span> <span class='ocrx_word' id='word_1_200' title='bbox 1292 3478 1688 3543; x_wconf 80' lang='lat' dir='ltr'><strong>vorkamen.”</strong></span> 
     </span>
    </p>

    <p class='ocr_par' dir='ltr' id='par_1_5' title="bbox 779 3588 3029 4242">
     <span class='ocr_line' id='line_1_26' title="bbox 867 3588 3023 3677; baseline -0.002 -21"><span class='ocrx_word' id='word_1_201' title='bbox 867 3593 1070 3674; x_wconf 79' lang='lat' dir='ltr'><strong>Quam</strong></span> <span class='ocrx_word' id='word_1_202' title='bbox 1120 3600 1193 3655; x_wconf 92' lang='lat' dir='ltr'><strong>ut</strong></span> <span class='ocrx_word' id='word_1_203' title='bbox 1239 3592 1456 3677; x_wconf 87' lang='lat' dir='ltr'><strong>probet</strong></span> <span class='ocrx_word' id='word_1_204' title='bbox 1503 3592 1923 3655; x_wconf 84' lang='lat' dir='ltr'><strong>coniecturam</strong></span> <span class='ocrx_word' id='word_1_205' title='bbox 1971 3591 2143 3655; x_wconf 79' lang='lat' dir='ltr'><strong>affert</strong></span> <span class='ocrx_word' id='word_1_206' title='bbox 2192 3591 2397 3654; x_wconf 85' lang='lat' dir='ltr'><strong>locum</strong></span> <span class='ocrx_word' id='word_1_207' title='bbox 2449 3588 2750 3674; x_wconf 73' lang='lat' dir='ltr'><strong>Hesychii</strong></span> <span class='ocrx_word' id='word_1_208' title='bbox 2804 3588 2910 3672; x_wconf 91' lang='lat' dir='ltr'><strong>qui</strong></span> <span class='ocrx_word' id='word_1_209' title='bbox 2956 3588 3023 3652; x_wconf 92' lang='lat' dir='ltr'><strong>in</strong></span> 
     </span>
     <span class='ocr_line' id='line_1_27' title="bbox 779 3700 3025 3785; baseline -0.002 -17"><span class='ocrx_word' id='word_1_210' title='bbox 779 3729 923 3770; x_wconf 82' lang='lat' dir='ltr'><strong>voce</strong></span> <span class='ocrx_word' id='word_1_211' title='bbox 947 3705 1375 3785; x_wconf 70' lang='grc' dir='ltr'><strong><em>καταρρακτης·</em></strong></span> <span class='ocrx_word' id='word_1_212' title='bbox 1400 3703 1649 3770; x_wconf 84' lang='lat' dir='ltr'><strong>scribit:</strong></span> <span class='ocrx_word' id='word_1_213' title='bbox 1679 3705 1904 3782; x_wconf 69' lang='grc' dir='ltr'><strong>ἕχει-ὸς,</strong></span> <span class='ocrx_word' id='word_1_214' title='bbox 1932 3700 2090 3781; x_wconf 62' lang='grc' dir='ltr'><strong><em>βόαξ.</em></strong></span> <span class='ocrx_word' id='word_1_215' title='bbox 2119 3702 2225 3766; x_wconf 73' lang='grc' dir='ltr'><strong>καὶ</strong></span> <span class='ocrx_word' id='word_1_216' title='bbox 2251 3704 2275 3766; x_wconf 80' lang='grc' dir='ltr'><em>ὁ</em></span> <span class='ocrx_word' id='word_1_217' title='bbox 2300 3704 2491 3779; x_wconf 59' lang='lat' dir='ltr'><strong>asra-4,</strong></span> <span class='ocrx_word' id='word_1_218' title='bbox 2517 3707 2671 3783; x_wconf 74' lang='grc' dir='ltr'><strong>Σεφ.</strong></span> <span class='ocrx_word' id='word_1_219' title='bbox 2694 3701 3025 3765; x_wconf 75' lang='grc' dir='ltr'><strong><em>Λαοκόωντι</em></strong></span> 
     </span>
     <span class='ocr_line' id='line_1_28' title="bbox 782 3813 3027 3897; baseline -0.003 -14"><span class='ocrx_word' id='word_1_220' title='bbox 782 3820 884 3884; x_wconf 75' lang='grc' dir='ltr'><strong>καὶ</strong></span> <span class='ocrx_word' id='word_1_221' title='bbox 954 3820 1240 3897; x_wconf 78' lang='grc' dir='ltr'><strong><em>ταρπυίας</em></strong></span> <span class='ocrx_word' id='word_1_222' title='bbox 1308 3821 1365 3882; x_wconf 79' lang='grc' dir='ltr'><strong>ἐν</strong></span> <span class='ocrx_word' id='word_1_223' title='bbox 1428 3820 1585 3892; x_wconf 71' lang='grc' dir='ltr'><strong><em>Φίνη.</em></strong></span> <span class='ocrx_word' id='word_1_224' title='bbox 1652 3817 1973 3881; x_wconf 84' lang='lat' dir='ltr'><strong>Postrema</strong></span> <span class='ocrx_word' id='word_1_225' title='bbox 2028 3817 2143 3879; x_wconf 78' lang='lat' dir='ltr'><strong>viri</strong></span> <span class='ocrx_word' id='word_1_226' title='bbox 2190 3817 2353 3879; x_wconf 88' lang='lat' dir='ltr'><strong>docti</strong></span> <span class='ocrx_word' id='word_1_227' title='bbox 2406 3816 2689 3879; x_wconf 73' lang='lat' dir='ltr'><strong>certatim</strong></span> <span class='ocrx_word' id='word_1_228' title='bbox 2741 3813 3027 3878; x_wconf 87' lang='lat' dir='ltr'><strong>emenda-</strong></span> 
     </span>
     <span class='ocr_line' id='line_1_29' title="bbox 780 3927 3025 4013; baseline -0.004 -16"><span class='ocrx_word' id='word_1_229' title='bbox 780 3941 966 3997; x_wconf 85' lang='lat' dir='ltr'><strong>runt:</strong></span> <span class='ocrx_word' id='word_1_230' title='bbox 1035 3932 1137 3997; x_wconf 74' lang='grc' dir='ltr'><strong>καὶ</strong></span> <span class='ocrx_word' id='word_1_231' title='bbox 1201 3934 1309 4005; x_wconf 72' lang='grc' dir='ltr'><strong>τας</strong></span> <span class='ocrx_word' id='word_1_232' title='bbox 1378 3934 1665 4013; x_wconf 73' lang='grc' dir='ltr'><strong><em>Ἀρπυίας</em></strong></span> <span class='ocrx_word' id='word_1_233' title='bbox 1723 3935 1780 3996; x_wconf 78' lang='grc' dir='ltr'><strong>ἐν</strong></span> <span class='ocrx_word' id='word_1_234' title='bbox 1838 3939 2016 4007; x_wconf 78' lang='grc' dir='ltr'><em>Φινεῖ,</em></span> <span class='ocrx_word' id='word_1_235' title='bbox 2066 3931 2137 3993; x_wconf 79' lang='lat' dir='ltr'><strong>fr.</strong></span> <span class='ocrx_word' id='word_1_236' title='bbox 2190 3930 2378 4013; x_wconf 84' lang='lat' dir='ltr'><strong>Soph.</strong></span> <span class='ocrx_word' id='word_1_237' title='bbox 2434 3932 2558 3991; x_wconf 63' lang='lat' dir='ltr'><strong>(ll-3</strong></span> <span class='ocrx_word' id='word_1_238' title='bbox 2610 3929 2716 4005; x_wconf 68' lang='lat' dir='ltr'><strong>N„</strong></span> <span class='ocrx_word' id='word_1_239' title='bbox 2771 3931 2890 3991; x_wconf 76' lang='lat'><strong>641</strong></span> <span class='ocrx_word' id='word_1_240' title='bbox 2948 3927 3025 3990; x_wconf 88' lang='lat' dir='ltr'><strong>D.</strong></span> 
     </span>
     <span class='ocr_line' id='line_1_30' title="bbox 779 4041 3029 4125; baseline -0.004 -15"><span class='ocrx_word' id='word_1_241' title='bbox 779 4046 1022 4111; x_wconf 76' lang='lat' dir='ltr'><strong>-Dubito</strong></span> <span class='ocrx_word' id='word_1_242' title='bbox 1087 4053 1298 4110; x_wconf 88' lang='lat' dir='ltr'><strong>tamen</strong></span> <span class='ocrx_word' id='word_1_243' title='bbox 1369 4068 1515 4109; x_wconf 88' lang='lat' dir='ltr'><strong>num</strong></span> <span class='ocrx_word' id='word_1_244' title='bbox 1587 4047 1722 4109; x_wconf 88' lang='lat' dir='ltr'><strong>iure</strong></span> <span class='ocrx_word' id='word_1_245' title='bbox 1784 4045 2059 4107; x_wconf 79' lang='lat' dir='ltr'><strong>fecerint.</strong></span> <span class='ocrx_word' id='word_1_246' title='bbox 2126 4041 2387 4104; x_wconf 81' lang='lat' dir='ltr'><strong>Minime</strong></span> <span class='ocrx_word' id='word_1_247' title='bbox 2450 4043 2613 4109; x_wconf 76' lang='lat' dir='ltr'><strong>enim</strong></span> <span class='ocrx_word' id='word_1_248' title='bbox 2680 4041 3029 4125; x_wconf 81' lang='lat' dir='ltr'><strong>explicatur</strong></span> 
     </span>
     <span class='ocr_line' id='line_1_31' title="bbox 780 4157 3025 4242; baseline -0.003 -18"><span class='ocrx_word' id='word_1_249' title='bbox 780 4184 931 4225; x_wconf 81' lang='lat' dir='ltr'><strong>usus</strong></span> <span class='ocrx_word' id='word_1_250' title='bbox 979 4160 1312 4224; x_wconf 82' lang='lat' dir='ltr'><strong>accusativi</strong></span> <span class='ocrx_word' id='word_1_251' title='bbox 1363 4159 1471 4230; x_wconf 71' lang='grc' dir='ltr'><strong>τας</strong></span> <span class='ocrx_word' id='word_1_252' title='bbox 1519 4159 1786 4238; x_wconf 69' lang='grc' dir='ltr'><strong>ἁρπυίας.</strong></span> <span class='ocrx_word' id='word_1_253' title='bbox 1833 4160 1977 4223; x_wconf 83' lang='lat' dir='ltr'><strong>Alia</strong></span> <span class='ocrx_word' id='word_1_254' title='bbox 2014 4160 2210 4242; x_wconf 84' lang='lat' dir='ltr'><strong>igitur</strong></span> <span class='ocrx_word' id='word_1_255' title='bbox 2252 4159 2491 4223; x_wconf 86' lang='lat' dir='ltr'><strong>medela</strong></span> <span class='ocrx_word' id='word_1_256' title='bbox 2533 4167 2627 4223; x_wconf 89' lang='lat' dir='ltr'><strong>est</strong></span> <span class='ocrx_word' id='word_1_257' title='bbox 2658 4157 3025 4242; x_wconf 83' lang='lat' dir='ltr'><strong>quaerenda.</strong></span> 
     </span>
    </p>

    <p class='ocr_par' dir='ltr' id='par_1_6' title="bbox 781 4271 3032 4585">
     <span class='ocr_line' id='line_1_32' title="bbox 869 4271 3031 4359; baseline -0.002 -23"><span class='ocrx_word' id='word_1_258' title='bbox 869 4274 1238 4355; x_wconf 77' lang='lat' dir='ltr'><strong>Relegamus</strong></span> <span class='ocrx_word' id='word_1_259' title='bbox 1285 4271 1557 4336; x_wconf 84' lang='lat' dir='ltr'><strong>fabulam</strong></span> <span class='ocrx_word' id='word_1_260' title='bbox 1609 4271 1840 4356; x_wconf 74' lang='lat' dir='ltr'><strong>Hygini</strong></span> <span class='ocrx_word' id='word_1_261' title='bbox 1891 4295 2074 4355; x_wconf 88' lang='lat' dir='ltr'><strong>quam</strong></span> <span class='ocrx_word' id='word_1_262' title='bbox 2125 4273 2440 4359; x_wconf 79' lang='lat' dir='ltr'><strong>adscripsi.</strong></span> <span class='ocrx_word' id='word_1_263' title='bbox 2489 4274 2630 4337; x_wconf 83' lang='lat' dir='ltr'><strong>Nisi</strong></span> <span class='ocrx_word' id='word_1_264' title='bbox 2680 4272 2887 4335; x_wconf 88' lang='lat' dir='ltr'><strong>omnia</strong></span> <span class='ocrx_word' id='word_1_265' title='bbox 2932 4291 3031 4332; x_wconf 89' lang='lat' dir='ltr'><strong>me</strong></span> 
     </span>
     <span class='ocr_line' id='line_1_33' title="bbox 781 4381 3031 4469; baseline -0.002 -20"><span class='ocrx_word' id='word_1_266' title='bbox 781 4385 1031 4463; x_wconf 87' lang='lat' dir='ltr'><strong>fallunt,</strong></span> <span class='ocrx_word' id='word_1_267' title='bbox 1101 4385 1288 4448; x_wconf 88' lang='lat' dir='ltr'><strong>huius</strong></span> <span class='ocrx_word' id='word_1_268' title='bbox 1356 4385 1731 4449; x_wconf 85' lang='lat' dir='ltr'><strong>narrationis</strong></span> <span class='ocrx_word' id='word_1_269' title='bbox 1790 4386 1924 4448; x_wconf 80' lang='lat' dir='ltr'><strong>fons</strong></span> <span class='ocrx_word' id='word_1_270' title='bbox 1987 4387 2109 4449; x_wconf 87' lang='lat' dir='ltr'><strong>fuit</strong></span> <span class='ocrx_word' id='word_1_271' title='bbox 2170 4393 2611 4469; x_wconf 82' lang='lat' dir='ltr'><strong>argumentum</strong></span> <span class='ocrx_word' id='word_1_272' title='bbox 2677 4381 3031 4468; x_wconf 88' lang='lat' dir='ltr'><strong>tragoediae</strong></span> 
     </span>
     <span class='ocr_line' id='line_1_34' title="bbox 786 4496 3032 4585; baseline -0.001 -23"><span class='ocrx_word' id='word_1_273' title='bbox 786 4499 1074 4576; x_wconf 86' lang='lat' dir='ltr'><strong>Graecae,</strong></span> <span class='ocrx_word' id='word_1_274' title='bbox 1141 4506 1215 4561; x_wconf 89' lang='lat' dir='ltr'><strong>ut</strong></span> <span class='ocrx_word' id='word_1_275' title='bbox 1276 4506 1533 4585; x_wconf 88' lang='lat' dir='ltr'><strong>apparet</strong></span> <span class='ocrx_word' id='word_1_276' title='bbox 1594 4521 1663 4561; x_wconf 84' lang='lat' dir='ltr'><strong>ex</strong></span> <span class='ocrx_word' id='word_1_277' title='bbox 1727 4499 1836 4562; x_wconf 91' lang='lat' dir='ltr'><strong>illo</strong></span> <span class='ocrx_word' id='word_1_278' title='bbox 1897 4501 2061 4583; x_wconf 82' lang='lat' dir='ltr'><strong>„qui</strong></span> <span class='ocrx_word' id='word_1_279' title='bbox 2105 4501 2262 4563; x_wconf 67' lang='lat' dir='ltr'><strong>Iovis</strong></span> <span class='ocrx_word' id='word_1_280' title='bbox 2308 4523 2480 4564; x_wconf 76' lang='lat' dir='ltr'><strong>canes</strong></span> <span class='ocrx_word' id='word_1_281' title='bbox 2524 4523 2643 4564; x_wconf 82' lang='lat' dir='ltr'><strong>esse</strong></span> <span class='ocrx_word' id='word_1_282' title='bbox 2686 4496 3032 4562; x_wconf 60' lang='lat' dir='ltr'><strong>(licuntur-3³</strong></span> 
     </span>
    </p>
   </div>
  </div>
 </body>
</html>
