3875 5634
1489 1687 2533 1773 PRAEFATIO.

977 2255 1347 2344 Saepissime
1408 2255 1892 2343 Aristophanem
1955 2251 2233 2320 versibus
2293 2252 2555 2319 aliorum
2617 2259 2964 2340 poetarum,
3013 2253 3138 2341 epi·

884 2391 1120 2450 corum,
1181 2369 1540 2456 lyricorum,
1609 2368 1896 2456 inprimis
1955 2368 2335 2454 tragicorum
2394 2391 2580 2433 usum
2643 2392 2774 2434 esse
2822 2369 3135 2434 neminem

884 2483 1044 2549 latet
1100 2483 1212 2568 qui
1274 2483 1408 2548 eius
1469 2482 1815 2549 comoedias
1877 2482 2235 2569 inspexerit.
2287 2481 2417 2564 Qui
2463 2483 2513 2548 si
2562 2506 2772 2549 omnes
2816 2483 2883 2548 in
2929 2482 3134 2549 lucem

883 2597 1164 2685 protrahi
1209 2604 1483 2684 possent,
1526 2596 1729 2662 multa
1773 2619 1934 2682 quae
1980 2619 2152 2661 nunc
2197 2596 2460 2682 caligine
2509 2595 2778 2662 obducta
2817 2604 2968 2662 sunt
3004 2620 3137 2685 per-

881 2711 1096 2798 spicua
1157 2713 1366 2776 forent
1424 2711 1786 2796 multasque
1851 2711 2079 2776 summi
2124 2711 2342 2776 comici
2388 2710 2639 2776 facetias
2683 2711 2908 2777 melius
2952 2712 3136 2778 intel·

880 2825 1249 2912 legeremus.

968 2938 1314 3024 Plerosque
1360 2939 1484 3003 iam
1530 2938 1883 3024 tetigerunt
1924 2938 2093 3004 locos
2140 2939 2255 3004 viri
2300 2939 2469 3005 docti
2513 2940 2624 3025 qui
2663 2939 3136 3004 commentarios

880 3054 947 3118 in
984 3053 1469 3141 Aristophanem
1512 3053 1925 3139 scripserunt3
1974 3051 2192 3118 sedulo
2237 3052 2314 3118 de
2357 3054 2612 3139 parodia
2658 3059 2926 3139 egerunt
2968 3053 3135 3118 inter

880 3166 1034 3233 alios
1095 3165 1378 3232 Taeuber
1438 3173 1503 3232 et
1563 3166 1845 3232 Ribbeck
1896 3165 1961 3252 ¹).
2026 3165 2312 3247 Quorum
2367 3168 2595 3256 scripta
2656 3166 2932 3233 multum
2979 3167 3134 3233 mihi

880 3281 1272 3367 profuerunt.
1339 3278 1501 3345 Cum
1558 3281 1771 3345 autem
1831 3302 1959 3346 non
2021 3302 2232 3345 omnes
2293 3289 2368 3347 ut
2416 3280 2574 3345 mihi
2620 3281 2918 3346 videntur
2963 3280 3133 3347 locos

878 3393 1293 3460 indicaverint
1350 3416 1558 3478 neque
1619 3392 1737 3459 sibi
1786 3394 2230 3481 proposuerint
2272 3394 2573 3460 indicatos
2618 3396 2785 3460 locos
2829 3396 3134 3481 interpre-

876 3508 1000 3573 tari
1036 3529 1163 3572 non
1202 3512 1340 3572 acta
1378 3507 1536 3571 mihi
1571 3529 1752 3593 agere
1788 3507 2043 3573 videbar
2078 3508 2360 3594 parodias
2400 3507 2883 3596 Aristophaneas
2922 3483 3131 3574 denuo

876 3621 1174 3707 colligens
1218 3627 1284 3685 et
1329 3618 1440 3686 ubi
1487 3643 1647 3707 opus
1694 3629 1858 3687 esset
1907 3620 2417 3687 annotationibus
2461 3621 2798 3687 instruens.

942 3885 979 3947 ¹)
1012 3884 1079 3935 H.
1125 3884 1363 3935 Taeuber.
1411 3885 1491 3934 De
1533 3900 1626 3935 m
1664 3884 1914 3948 parodiae
1957 3883 2093 3948 apud
2131 3883 2521 3948 Aristophanem.
2569 3883 2841 3934 Naehricht
2886 3900 2983 3935 von
3018 3885 3130 3936 dem

875 3976 999 4027 Χὸιι.
1033 3976 1548 4027 Joachimsthalschen
1584 3976 1925 4041 Gymnasium.
1963 3976 2205 4027 Berolini.
2243 3977 2387 4027 1849.

940 4068 1223 4119 Woldemar
1269 4068 1510 4119 Ribbeck.
1563 4069 1642 4117 De
1686 4084 1780 4117 m
1819 4068 2067 4133 parodica
2110 4068 2249 4131 ‘apud
2292 4066 2496 4117 comicos
2528 4067 2910 4118 Atheniensium.
2947 4070 3070 4120 Pars
3102 4071 3129 4121 I

874 4160 1153 4221 (continens
1196 4160 1452 4227 epicorum
1498 4160 1760 4226 parodias).
1808 4160 1868 4210 In
1922 4164 2283 4226 programmate
2314 4160 2556 4223 gymnasii
2591 4158 2699 4210 Col.
2732 4160 2940 4227 Agripp.
2984 4162 3131 4213 Bero-

874 4251 987 4303 lini.
1024 4251 1169 4306 1861.

940 4344 1014 4395 Id.
1066 4345 1165 4395 Die
1210 4345 1487 4395 Parodieb'n
1524 4343 1601 4394 bes·
1632 4344 1728 4394 den
1763 4344 2021 4394 Auisehen
2059 4343 2336 4394 Kos-nibem.
2382 4344 2588 4394 Zweiter
2624 4343 2787 4394 Theil.
2838 4345 3127 4397 zeitschrift

808 4418 815 4481 ζ
874 4436 955 4487 mr
988 4437 1075 4487 aa
1106 4438 1556 4503 Gymnuialwesen
1591 4437 1750 4486 xvn.
1787 4436 2030 4487 Berolini.
2070 4437 2214 4486 18⁶3.

940 4528 1013 4580 m.
1065 4529 1164 4579 Die
1213 4528 1544 4579 armassem
1591 4527 1869 4578 Parodieen
1921 4527 1997 4577 bes·
2041 4528 2135 4577 aen
2180 4527 2434 4578 Attisckeu
2480 4527 2760 4580 Kos-niem.
2813 4528 3127 4594 Epimetrum

877 4620 1218 4670 commentarii
1254 4619 1307 4670 in
1343 4619 1686 4670 Aea-mum
1720 4604 2089 4685 Aristophanis.
2125 4618 2337 4685 Lipsiae.
2377 4618 2521 4668 18⁶4.
