3875 5634
1452 873 2156 920 rnnsuornonuznsan.
2751 861 2876 923 115

694 1042 1008 1108 Fritsche:
1079 1040 1261 1121 „Hic
1318 1049 1540 1107 autem*
1591 1065 1803 1108 versus
1864 1066 1992 1109 non
2053 1044 2207 1110 certi
2250 1043 2372 1109 loci
2410 1045 2724 1132 parodiam
2772 1069 2941 1112 com-

691 1207 732 1237 „
749 1157 1053 1244 plectitur
1094 1156 1193 1220 uti
1238 1154 1526 1242 placebat
1572 1155 1814 1237 Vossin,
1862 1157 1971 1223 sed
2017 1166 2268 1223 tantum
2311 1158 2786 1226 similitudinem
2825 1161 2932 1226 ha-

630 1302 637 1310 ·
697 1319 739 1349 ,,
761 1269 864 1335 bet
906 1270 1178 1356 tragicae
1219 1269 1532 1335 dictionis.

698 1491 806 1557 Vs.
861 1486 1021 1557 194.
1090 1494 1314 1576 χαίρεις
1360 1485 1493 1574 ὁρῶν
1538 1499 1689 1577 Φῶς,
1736 1496 1971 1578 πατέρα
2016 1496 2069 1562 δ’
2116 1498 2180 1561 οὖ
2226 1496 2447 1579 χαίρειν
2493 1498 2716 1575 δοκεῑςς

789 1606 902 1672 Ex.
962 1607 1115 1672 Eur.
1177 1607 1315 1673 Alc.
1368 1611 1515 1672 691.
1567 1606 1660 1673 Cf.
1709 1607 1886 1675 Nnb.
1943 1612 2132 1674 1415.
2182 1609 2262 1675 In
2307 1611 2548 1697 reliqua
2594 1612 2940 1698 Agathonis

702 1722 976 1787 oratione
1022 1745 1141 1787 vss.
1194 1724 1340 1801 198,
1394 1724 1556 1788 199:

1098 1836 1213 1910 τὰς
1259 1833 1573 1919 ξυμφορὰς
1619 1837 1734 1921 γὰρ
1785 1837 1927 1919 οὐχὶ
1974 1846 2098 1913 τοῖς
2144 1838 2559 1919 τεχνάσμασιν

1097 1949 1289 2033 φέρειν
1339 1950 1554 2017 δίκκιον
1598 1951 1768 2018 ἀλλὰ
1816 1959 1940 2025 τοῖς
1989 1952 2355 2031 παθήμκσιν.
2394 1978 2404 1988 ·

702 2070 765 2127 et
829 2086 916 2128 νε.
983 2066 1107 2128 205
1186 2064 1415 2139 θήλειαν
1478 2064 1713 2148 Κύπριν,
1776 2073 1997 2131 utrum
2056 2067 2292 2149 παρῳδῇ
2354 2090 2433 2131 an
2490 2069 2923 2150 παρωτρκγῳδῇ

704 2185 887 2264 poeta
928 2201 1055 2244 non
1103 2179 1325 2264 liquet.

710 2404 816 2469 Vs.
867 2396 1029 2468 272.
1100 2402 1317 2482 ὄμνυμι
1364 2403 1548 2468 τοίνυν
1595 2403 1765 2485 αἰθέρ’
1811 2403 2026 2480 οἴκησιν
2077 2405 2231 2479 Διός.

796 2516 999 2582 Schol.
1045 2520 1111 2583 ἑκ
1154 2524 1263 2592 τῆς
1310 2517 1710 2592 Μελανίππης
1757 2518 2092 2599 Εὐριπίδου,
2140 2520 2181 2582 i.
2232 2542 2285 2583 e.
2333 2542 2367 2584 e
2407 2518 2764 2607 Melanippe
2808 2520 2934 2608 phi·

706 2630 983 2717 Iosopha‚
1033 2630 1257 2715 (Schol.
1303 2628 1464 2695 Ran.
1518 2632 1668 2716 100)
1717 2632 1790 2696 fr.
1841 2634 1993 2696 491.
2040 2631 2261 2710 ὄμνυμι
2299 2633 2351 2698 δ’
2392 2633 2498 2714 ἱρὸν
2537 2634 2702 2715 αἰθέρ’
2729 2632 2942 2709 οἴκησιν

710 2744 864 2818 Διός.
918 2742 1063 2809 Vid.
1112 2742 1191 2808 ad
1236 2743 1394 2809 Ban.
1450 2746 1574 2808 100
1627 2751 1691 2809 et
1737 2746 1888 2810 311.

706 2968 812 3035 Vs.
862 2962 1023 3034 275.
1095 2967 1363 3047 μέμνησο
1406 2966 1593 3033 τοίνυν
1636 2968 1830 3041 ταῦθ’,
1878 2965 1965 3033 ὅτι
2011 2970 2045 3042 ἧ
2093 2968 2244 3051 Φρὴν
2292 2969 2533 3049 ὤμοσεν,

1107 3082 1141 3158 ἦ
1185 3087 1433 3161 γλῶττα
1477 3081 1531 3147 δ’
1591 3084 1696 3147 οὐκ
1741 3081 2034 3162 ὀμώμοκ’.

795 3197 1208 3264 Notissimum
1252 3203 1347 3260 est
1379 3194 1544 3260 illud
1584 3194 1937 3282 Hippolyti,
1977 3218 2065 3262 VS.
2107 3199 2255 3276 612,
2297 3201 2331 3271 ἡ
2370 3197 2593 3276 γλῶσσ’
2636 3199 2938 3280 ὀμώμοκ’,

709 3312 742 3387 ἧ
805 3311 867 3376 δὲ
922 3309 1074 3393 φρὴν
1133 3309 1447 3388 ἀνώμοτος.
1514 3306 1819 3374 Veterum
1883 3307 1962 3373 de
2024 3308 2145 3374 hoc
2191 3331 2374 3375 versu
2411 3309 2642 3375 iudicia
2694 3310 2951 3397 collegit

705 3423 1090 3489 Valckenaer
1153 3446 1206 3487 a.
1265 3422 1324 3487 h.
1373 3422 1417 3486 l.
1435 3450 1454 3502 ;
1503 3422 1582 3488 de
1625 3421 1958 3510 Hippolyti
2004 3422 2405 3489 iureiurando
2452 3423 2794 3511 disputavit
2841 3423 2975 3489 W.·

712 3537 1008 3603 Ribbeck.
1057 3537 1213 3602 Ach.
1262 3534 1430 3601 Anh.
1473 3558 1533 3621 p.
1586 3537 1736 3600 301.

796 3650 983 3734 Quod
1052 3656 1117 3716 et
1180 3649 1287 3715 alii
1348 3657 1412 3714 et
1469 3649 1756 3735 inprimis
1817 3648 2270 3737 Aristophanes
2315 3650 2491 3735 (Rau,
2546 3629 2690 3729 1'02,
2742 3653 2943 3738 1471)

710 3773 839 3831 tam
885 3763 1102 3830 acerbe
1146 3763 1334 3827 huius
1379 3784 1594 3827 versus
1640 3785 1825 3827 causa
1872 3763 1938 3827 in
1986 3763 2352 3849 Euripidem
2398 3766 2628 3830 invecti
2672 3774 2823 3831 sunt
2861 3788 2953 3831 ar-

711 3883 1083 3965 gumentum
1146 3899 1276 3942 esse
1321 3876 1545 3960 nequit
1590 3876 1962 3954 sanctitatis,
2009 3898 2197 3961 quam
2247 3877 2721 3944 Atheniensium
2764 3901 2959 3967 popu-

706 3991 807 4057 lus
852 3988 1253 4056 iureiurando
1300 3988 1612 4068 tribuerit,
1660 3987 1769 4054 sed
1805 3987 2065 4074 probare
2101 3990 2254 4053 mihi
2295 3990 2541 4056 videtur
2563 4014 2783 4056 novam
2807 3992 2944 4080 phi-

706 4106 1047 4193 losophiam
1093 4104 1392 4182 criticam,
1437 4125 1599 4188 qnae
1646 4103 1724 4168 de
1771 4102 2061 4169 omnibus
2108 4106 2450 4191 praeceptis
2491 4127 2732 4171 morum
2768 4113 2832 4171 et
2874 4106 2952 4171 de

709 4218 893 4284 rebus
934 4217 1162 4282 divinis
1199 4217 1628 4302 quaestionem
1661 4215 2055 4297 instituebat,
2096 4217 2219 4281 iam
2247 4216 2588 4283 multorum
2613 4227 2769 4284 tunc
2791 4226 2942 4284 tem-

709 4334 875 4421 poris
939 4333 1177 4397 animos
1235 4352 1587 4417 occupasse,
1649 4331 1743 4395 ita
1800 4336 1878 4395 ut
1933 4331 1981 4395 ii
2026 4330 2256 4416 quibus
2275 4376 2280 4381 ·
2302 4333 2560 4417 antiqua
2606 4335 2805 4420 pietas
2851 4355 2953 4419 pa-

709 4448 940 4533 triique
979 4468 1178 4512 mores
1221 4445 1390 4511 cordi
1433 4450 1660 4524 essent,
1708 4467 1787 4509 ne
1833 4443 2347 4510 subverterentur
2392 4453 2763 4513 metuerent.
2809 4443 2950 4511 Hoc

710 4561 833 4627 nisi
890 4561 1181 4648 ponimus
1241 4558 1525 4643 intellegi
1583 4559 1806 4643 nequit
1852 4580 1966 4623 cur
2009 4557 2262 4623 tandem
2307 4580 2518 4624 versus
2564 4559 2945 4647 Euripideus

708 4681 949 4740 tantam
1004 4672 1502 4759 indignationem
1546 4672 1810 4739 moverit
1852 4679 1937 4753 et,
1986 4671 2040 4737 si
2085 4693 2300 4737 verum
2346 4679 2441 4737 est
2486 4674 2654 4758 quod
2707 4675 2950 4740 Aristo·
