<?xml version="1.0" encoding="UTF-8"?>
<!DOCTYPE html PUBLIC "-//W3C//DTD XHTML 1.0 Transitional//EN"
    "http://www.w3.org/TR/xhtml1/DTD/xhtml1-transitional.dtd">
<html xmlns="http://www.w3.org/1999/xhtml" xml:lang="en" lang="en">
 <head>
  <title>
</title>
<meta http-equiv="Content-Type" content="text/html;charset=utf-8" />
  <meta name='ocr-system' content='tesseract 3.04.00' />
  <meta name='ocr-capabilities' content='ocr_page ocr_carea ocr_par ocr_line ocrx_word'/>
</head>
<body>
  <div class='ocr_page' id='page_1' title='image "./deparodiaincomo03bakhgoog_0183.png"; bbox 0 0 3875 5634; ppageno 0'>
   <div class='ocr_carea' id='block_1_1' title="bbox 1828 721 3020 786">
    <p class='ocr_par' dir='ltr' id='par_1_1' title="bbox 1828 721 3020 786">
     <span class='ocr_line' id='line_1_1' title="bbox 1828 721 3020 786; baseline 0.003 -5"><span class='ocrx_word' id='word_1_1' title='bbox 1828 737 2065 784; x_wconf 67' lang='lat' dir='ltr'><strong>namn.</strong></span> <span class='ocrx_word' id='word_1_2' title='bbox 2897 721 3020 786; x_wconf 81' lang='lat'><strong>137</strong></span> 
     </span>
    </p>
   </div>
   <div class='ocr_carea' id='block_1_2' title="bbox 820 901 3080 1763">
    <p class='ocr_par' dir='ltr' id='par_1_2' title="bbox 820 901 3080 1763">
     <span class='ocr_line' id='line_1_2' title="bbox 820 901 3075 994; baseline 0.003 -27"><span class='ocrx_word' id='word_1_3' title='bbox 820 924 1046 984; x_wconf 87' lang='lat' dir='ltr'><strong>„nem,</strong></span> <span class='ocrx_word' id='word_1_4' title='bbox 1106 903 1155 968; x_wconf 83' lang='grc' dir='ltr'><strong>οἱ</strong></span> <span class='ocrx_word' id='word_1_5' title='bbox 1215 904 1325 981; x_wconf 78' lang='grc' dir='ltr'><strong>μὲν</strong></span> <span class='ocrx_word' id='word_1_6' title='bbox 1382 901 1497 982; x_wconf 67' lang='grc' dir='ltr'><strong>γὰρ</strong></span> <span class='ocrx_word' id='word_1_7' title='bbox 1556 902 1748 967; x_wconf 80' lang='grc' dir='ltr'><strong><em>οὐκέτ’</em></strong></span> <span class='ocrx_word' id='word_1_8' title='bbox 1806 904 1975 969; x_wconf 82' lang='grc' dir='ltr'><strong>εἱσί.”</strong></span> <span class='ocrx_word' id='word_1_9' title='bbox 2023 905 2211 987; x_wconf 81' lang='lat' dir='ltr'><strong>Quod</strong></span> <span class='ocrx_word' id='word_1_10' title='bbox 2260 928 2475 971; x_wconf 81' lang='lat' dir='ltr'><strong>verum</strong></span> <span class='ocrx_word' id='word_1_11' title='bbox 2522 930 2651 971; x_wconf 84' lang='lat' dir='ltr'><strong>esse</strong></span> <span class='ocrx_word' id='word_1_12' title='bbox 2696 915 2924 994; x_wconf 83' lang='lat' dir='ltr'><strong>potest,</strong></span> <span class='ocrx_word' id='word_1_13' title='bbox 2972 931 3075 973; x_wconf 86' lang='lat' dir='ltr'><strong>ne-</strong></span> 
     </span>
     <span class='ocr_line' id='line_1_3' title="bbox 822 1013 3071 1103; baseline 0.002 -23"><span class='ocrx_word' id='word_1_14' title='bbox 822 1016 1156 1080; x_wconf 88' lang='lat' dir='ltr'><strong>cessarium</strong></span> <span class='ocrx_word' id='word_1_15' title='bbox 1201 1038 1328 1079; x_wconf 92' lang='lat' dir='ltr'><strong>non</strong></span> <span class='ocrx_word' id='word_1_16' title='bbox 1372 1022 1484 1079; x_wconf 85' lang='lat' dir='ltr'><strong>est.</strong></span> <span class='ocrx_word' id='word_1_17' title='bbox 1533 1013 1709 1081; x_wconf 73' lang='lat' dir='ltr'><strong>Vitio</strong></span> <span class='ocrx_word' id='word_1_18' title='bbox 1756 1024 1986 1098; x_wconf 86' lang='lat' dir='ltr'><strong>tamen,</strong></span> <span class='ocrx_word' id='word_1_19' title='bbox 2036 1028 2108 1082; x_wconf 87' lang='lat' dir='ltr'><strong>ut</strong></span> <span class='ocrx_word' id='word_1_20' title='bbox 2145 1019 2301 1083; x_wconf 86' lang='lat' dir='ltr'><strong>mihi</strong></span> <span class='ocrx_word' id='word_1_21' title='bbox 2345 1020 2614 1096; x_wconf 81' lang='lat' dir='ltr'><strong>videtur,</strong></span> <span class='ocrx_word' id='word_1_22' title='bbox 2649 1019 2895 1085; x_wconf 88' lang='lat' dir='ltr'><strong>laborat</strong></span> <span class='ocrx_word' id='word_1_23' title='bbox 2934 1022 3071 1103; x_wconf 75' lang='grc' dir='ltr'><strong><em>παρ’</em></strong></span> 
     </span>
     <span class='ocr_line' id='line_1_4' title="bbox 821 1127 3078 1218; baseline 0.002 -24"><span class='ocrx_word' id='word_1_24' title='bbox 821 1128 1003 1194; x_wconf 76' lang='grc' dir='ltr'><strong>οὐδέν.</strong></span> <span class='ocrx_word' id='word_1_25' title='bbox 1053 1127 1148 1191; x_wconf 92' lang='lat' dir='ltr'><strong>De</strong></span> <span class='ocrx_word' id='word_1_26' title='bbox 1191 1128 1463 1193; x_wconf 86' lang='lat' dir='ltr'><strong>facinore</strong></span> <span class='ocrx_word' id='word_1_27' title='bbox 1511 1131 1681 1214; x_wconf 89' lang='lat' dir='ltr'><strong>quod</strong></span> <span class='ocrx_word' id='word_1_28' title='bbox 1730 1133 2120 1196; x_wconf 76' lang='lat' dir='ltr'><strong>committere</strong></span> <span class='ocrx_word' id='word_1_29' title='bbox 2165 1154 2277 1217; x_wconf 90' lang='lat' dir='ltr'><strong>pro</strong></span> <span class='ocrx_word' id='word_1_30' title='bbox 2314 1132 2512 1196; x_wconf 87' lang='lat' dir='ltr'>nihilo</span> <span class='ocrx_word' id='word_1_31' title='bbox 2546 1131 2877 1218; x_wconf 84' lang='lat' dir='ltr'><strong>putabant,</strong></span> <span class='ocrx_word' id='word_1_32' title='bbox 2917 1134 3078 1198; x_wconf 90' lang='lat' dir='ltr'><strong>dice-</strong></span> 
     </span>
     <span class='ocr_line' id='line_1_5' title="bbox 825 1240 3073 1329; baseline 0.002 -24"><span class='ocrx_word' id='word_1_33' title='bbox 825 1240 980 1305; x_wconf 85' lang='lat' dir='ltr'><strong>bant</strong></span> <span class='ocrx_word' id='word_1_34' title='bbox 1042 1240 1298 1306; x_wconf 83' lang='lat' dir='ltr'><strong>Graeci:</strong></span> <span class='ocrx_word' id='word_1_35' title='bbox 1353 1245 1493 1324; x_wconf 73' lang='grc' dir='ltr'><strong><em>παρ’</em></strong></span> <span class='ocrx_word' id='word_1_36' title='bbox 1542 1245 1705 1309; x_wconf 76' lang='grc' dir='ltr'><strong><em>οὐδέν</em></strong></span> <span class='ocrx_word' id='word_1_37' title='bbox 1749 1246 1880 1310; x_wconf 81' lang='grc' dir='ltr'><strong><em>ἐστι’</em></strong></span> <span class='ocrx_word' id='word_1_38' title='bbox 1922 1270 2020 1323; x_wconf 81' lang='grc' dir='ltr'><strong>μοι</strong></span> <span class='ocrx_word' id='word_1_39' title='bbox 2070 1254 2370 1329; x_wconf 87' lang='lat' dir='ltr'><strong>sequente</strong></span> <span class='ocrx_word' id='word_1_40' title='bbox 2420 1246 2751 1325; x_wconf 78' lang='lat' dir='ltr'><strong>infinitiv0,</strong></span> <span class='ocrx_word' id='word_1_41' title='bbox 2800 1253 2878 1311; x_wconf 84' lang='lat' dir='ltr'><strong>ut</strong></span> <span class='ocrx_word' id='word_1_42' title='bbox 2921 1246 3073 1312; x_wconf 88' lang='lat' dir='ltr'><strong>Eur.</strong></span> 
     </span>
     <span class='ocr_line' id='line_1_6' title="bbox 827 1353 3078 1440; baseline 0.004 -23"><span class='ocrx_word' id='word_1_43' title='bbox 827 1353 935 1418; x_wconf 92' lang='lat' dir='ltr'><strong>Or.</strong></span> <span class='ocrx_word' id='word_1_44' title='bbox 1005 1358 1151 1434; x_wconf 82' lang='lat'><strong>569,</strong></span> <span class='ocrx_word' id='word_1_45' title='bbox 1216 1358 1354 1438; x_wconf 66' lang='grc' dir='ltr'><strong>παρ’</strong></span> <span class='ocrx_word' id='word_1_46' title='bbox 1410 1359 1569 1423; x_wconf 75' lang='grc' dir='ltr'><strong><em>οὐδὲν</em></strong></span> <span class='ocrx_word' id='word_1_47' title='bbox 1617 1361 1838 1431; x_wconf 74' lang='grc' dir='ltr'><em>αὐταῖς</em></span> <span class='ocrx_word' id='word_1_48' title='bbox 1886 1356 1954 1432; x_wconf 75' lang='grc' dir='ltr'><strong>ἦν</strong></span> <span class='ocrx_word' id='word_1_49' title='bbox 2001 1359 2074 1424; x_wconf 73' lang='grc' dir='ltr'><strong>ἂν</strong></span> <span class='ocrx_word' id='word_1_50' title='bbox 2120 1360 2358 1425; x_wconf 70' lang='grc' dir='ltr'><strong><em>ὀλλύναι</em></strong></span> <span class='ocrx_word' id='word_1_51' title='bbox 2405 1361 2655 1440; x_wconf 79' lang='grc' dir='ltr'><strong><em>πόσεις·;</em></strong></span> <span class='ocrx_word' id='word_1_52' title='bbox 2704 1363 2781 1427; x_wconf 90' lang='lat' dir='ltr'><strong>de</strong></span> <span class='ocrx_word' id='word_1_53' title='bbox 2828 1361 3078 1426; x_wconf 88' lang='lat' dir='ltr'><strong>homine</strong></span> 
     </span>
     <span class='ocr_line' id='line_1_7' title="bbox 825 1467 3080 1561; baseline 0.004 -31"><span class='ocrx_word' id='word_1_54' title='bbox 825 1467 936 1550; x_wconf 91' lang='lat' dir='ltr'><strong>qui</strong></span> <span class='ocrx_word' id='word_1_55' title='bbox 996 1467 1233 1534; x_wconf 81' lang='lat' dir='ltr'><strong>viribus</strong></span> <span class='ocrx_word' id='word_1_56' title='bbox 1295 1472 1642 1536; x_wconf 82' lang='lat' dir='ltr'><strong>destitutus</strong></span> <span class='ocrx_word' id='word_1_57' title='bbox 1703 1479 1898 1536; x_wconf 87' lang='lat' dir='ltr'><strong>esset:</strong></span> <span class='ocrx_word' id='word_1_58' title='bbox 1949 1474 2109 1538; x_wconf 78' lang='grc' dir='ltr'><strong><em>οὐδέν</em></strong></span> <span class='ocrx_word' id='word_1_59' title='bbox 2157 1476 2301 1547; x_wconf 84' lang='grc' dir='ltr'><strong><em>ἐστι,</em></strong></span> <span class='ocrx_word' id='word_1_60' title='bbox 2354 1476 2443 1538; x_wconf 83' lang='lat' dir='ltr'><strong>ita</strong></span> <span class='ocrx_word' id='word_1_61' title='bbox 2489 1483 2583 1553; x_wconf 90' lang='lat' dir='ltr'><strong>ut,</strong></span> <span class='ocrx_word' id='word_1_62' title='bbox 2632 1475 2753 1540; x_wconf 86' lang='lat' dir='ltr'><strong>nisi</strong></span> <span class='ocrx_word' id='word_1_63' title='bbox 2806 1483 3080 1561; x_wconf 82' lang='lat' dir='ltr'><strong>praestet</strong></span> 
     </span>
     <span class='ocr_line' id='line_1_8' title="bbox 822 1582 3080 1675; baseline 0.003 -30"><span class='ocrx_word' id='word_1_64' title='bbox 822 1582 1175 1648; x_wconf 79' lang='lat' dir='ltr'><strong>emendatio</strong></span> <span class='ocrx_word' id='word_1_65' title='bbox 1222 1584 1535 1665; x_wconf 83' lang='lat' dir='ltr'><strong>Fritschii,</strong></span> <span class='ocrx_word' id='word_1_66' title='bbox 1585 1585 1969 1651; x_wconf 80' lang='lat' dir='ltr'><strong>Rhintonem</strong></span> <span class='ocrx_word' id='word_1_67' title='bbox 2009 1588 2055 1651; x_wconf 83' lang='grc' dir='ltr'><strong>οἱ</strong></span> <span class='ocrx_word' id='word_1_68' title='bbox 2094 1588 2203 1665; x_wconf 77' lang='grc' dir='ltr'><strong>μὲν</strong></span> <span class='ocrx_word' id='word_1_69' title='bbox 2236 1588 2351 1669; x_wconf 63' lang='grc' dir='ltr'><strong>γὰρ</strong></span> <span class='ocrx_word' id='word_1_70' title='bbox 2392 1589 2549 1653; x_wconf 77' lang='grc' dir='ltr'><strong><em>οὐδέν</em></strong></span> <span class='ocrx_word' id='word_1_71' title='bbox 2591 1589 2698 1653; x_wconf 78' lang='grc' dir='ltr'><strong><em>εἱσι</em></strong></span> <span class='ocrx_word' id='word_1_72' title='bbox 2738 1590 2868 1654; x_wconf 81' lang='grc' dir='ltr'><strong>κτέ.</strong></span> <span class='ocrx_word' id='word_1_73' title='bbox 2894 1590 3080 1675; x_wconf 85' lang='lat' dir='ltr'><strong>scrip·</strong></span> 
     </span>
     <span class='ocr_line' id='line_1_9' title="bbox 825 1696 1504 1763; baseline 0.003 -3"><span class='ocrx_word' id='word_1_74' title='bbox 825 1696 974 1760; x_wconf 83' lang='lat' dir='ltr'><strong>sisse</strong></span> <span class='ocrx_word' id='word_1_75' title='bbox 1022 1698 1359 1763; x_wconf 87' lang='lat' dir='ltr'><strong>verisimile</strong></span> <span class='ocrx_word' id='word_1_76' title='bbox 1403 1699 1504 1762; x_wconf 81' lang='lat' dir='ltr'><strong>sit.</strong></span> 
     </span>
    </p>
   </div>
   <div class='ocr_carea' id='block_1_3' title="bbox 826 1950 3081 2277">
    <p class='ocr_par' dir='ltr' id='par_1_3' title="bbox 826 1950 3081 2277">
     <span class='ocr_line' id='line_1_10' title="bbox 826 1950 1854 2039; baseline 0.006 -18"><span class='ocrx_word' id='word_1_77' title='bbox 826 1959 934 2025; x_wconf 80' lang='lat' dir='ltr'><strong>Vs.</strong></span> <span class='ocrx_word' id='word_1_78' title='bbox 986 1950 1099 2020; x_wconf 86' lang='lat'><strong>93.</strong></span> <span class='ocrx_word' id='word_1_79' title='bbox 1231 1960 1545 2039; x_wconf 77' lang='grc' dir='ltr'><strong><em>χελιδόνων</em></strong></span> <span class='ocrx_word' id='word_1_80' title='bbox 1589 1969 1854 2038; x_wconf 75' lang='grc' dir='ltr'><strong><em>μουσεῖοι.</em></strong></span> 
     </span>
     <span class='ocr_line' id='line_1_11' title="bbox 918 2073 3081 2158; baseline 0.001 -20"><span class='ocrx_word' id='word_1_81' title='bbox 918 2073 1120 2139; x_wconf 87' lang='lat' dir='ltr'><strong>Schol.</strong></span> <span class='ocrx_word' id='word_1_82' title='bbox 1194 2073 1358 2153; x_wconf 58' lang='grc' dir='ltr'><strong>παρὰ</strong></span> <span class='ocrx_word' id='word_1_83' title='bbox 1425 2075 1506 2138; x_wconf 70' lang='grc' dir='ltr'><strong>τὰ</strong></span> <span class='ocrx_word' id='word_1_84' title='bbox 1568 2076 1626 2139; x_wconf 83' lang='grc' dir='ltr'><strong>ἐν</strong></span> <span class='ocrx_word' id='word_1_85' title='bbox 1687 2076 2005 2155; x_wconf 65' lang='grc' dir='ltr'><strong><em>Ἀλκμήνῃ</em></strong></span> <span class='ocrx_word' id='word_1_86' title='bbox 2066 2076 2418 2157; x_wconf 77' lang='grc' dir='ltr'><strong><em>Εὑριπίδουε</em></strong></span> <span class='ocrx_word' id='word_1_87' title='bbox 2484 2077 2668 2149; x_wconf 79' lang='grc' dir='ltr'><strong><em>πολὺς</em></strong></span> <span class='ocrx_word' id='word_1_88' title='bbox 2730 2077 2782 2141; x_wconf 76' lang='grc' dir='ltr'><strong>δ’</strong></span> <span class='ocrx_word' id='word_1_89' title='bbox 2848 2077 3081 2158; x_wconf 72' lang='grc' dir='ltr'><strong><em>ἆνεῖρπε</em></strong></span> 
     </span>
     <span class='ocr_line' id='line_1_12' title="bbox 829 2188 2597 2277; baseline 0.001 -24"><span class='ocrx_word' id='word_1_90' title='bbox 829 2190 1043 2261; x_wconf 71' lang='grc' dir='ltr'><strong><em>κισσὸς,</em></strong></span> <span class='ocrx_word' id='word_1_91' title='bbox 1092 2188 1319 2267; x_wconf 67' lang='grc' dir='ltr'><strong><em>εὐφυὴς</em></strong></span> <span class='ocrx_word' id='word_1_92' title='bbox 1369 2189 1605 2267; x_wconf 72' lang='grc' dir='ltr'><strong><em>κλάδος,</em></strong></span> <span class='ocrx_word' id='word_1_93' title='bbox 1650 2188 1659 2277; x_wconf 80' lang='grc' dir='ltr'>Ι</span> <span class='ocrx_word' id='word_1_94' title='bbox 1700 2190 1954 2263; x_wconf 68' lang='grc' dir='ltr'><strong><em>ἀηδόνων</em></strong></span> <span class='ocrx_word' id='word_1_95' title='bbox 2004 2198 2290 2268; x_wconf 80' lang='grc' dir='ltr'><strong><em>μουσεῖον.</em></strong></span> <span class='ocrx_word' id='word_1_96' title='bbox 2340 2191 2442 2255; x_wconf 83' lang='lat' dir='ltr'><strong>Fr.</strong></span> <span class='ocrx_word' id='word_1_97' title='bbox 2494 2195 2597 2255; x_wconf 87' lang='grc'><strong>89.</strong></span> 
     </span>
    </p>
   </div>
   <div class='ocr_carea' id='block_1_4' title="bbox 835 2433 3078 2518">
    <p class='ocr_par' dir='ltr' id='par_1_4' title="bbox 835 2433 3078 2518">
     <span class='ocr_line' id='line_1_13' title="bbox 835 2433 3078 2518; baseline 0.001 -16"><span class='ocrx_word' id='word_1_98' title='bbox 835 2441 944 2505; x_wconf 84' lang='lat' dir='ltr'><strong>Vs.</strong></span> <span class='ocrx_word' id='word_1_99' title='bbox 996 2433 1110 2504; x_wconf 89' lang='grc'><strong>97.</strong></span> <span class='ocrx_word' id='word_1_100' title='bbox 1189 2488 1203 2502; x_wconf 97' lang='grc'><strong>.</strong></span> <span class='ocrx_word' id='word_1_101' title='bbox 1232 2488 1246 2501; x_wconf 94' lang='grc'><strong>.</strong></span> <span class='ocrx_word' id='word_1_102' title='bbox 1277 2487 1291 2502; x_wconf 94' lang='grc'><strong>.</strong></span> <span class='ocrx_word' id='word_1_103' title='bbox 1322 2489 1335 2501; x_wconf 95' lang='grc'><strong>.</strong></span> <span class='ocrx_word' id='word_1_104' title='bbox 1366 2488 1380 2501; x_wconf 94' lang='grc'><strong>.</strong></span> <span class='ocrx_word' id='word_1_105' title='bbox 1444 2437 1600 2511; x_wconf 68' lang='grc' dir='ltr'><strong><em>ὅστις</em></strong></span> <span class='ocrx_word' id='word_1_106' title='bbox 1652 2443 1814 2518; x_wconf 66' lang='grc' dir='ltr'><strong>Ιἔιῖιμοι</strong></span> <span class='ocrx_word' id='word_1_107' title='bbox 1876 2448 2139 2517; x_wconf 70' lang='grc' dir='ltr'><strong><em>γεννκῖον</em></strong></span> <span class='ocrx_word' id='word_1_108' title='bbox 2185 2441 2370 2505; x_wconf 66' lang='grc' dir='ltr'><strong><em>λάκοι.</em></strong></span> <span class='ocrx_word' id='word_1_109' title='bbox 2426 2440 2547 2504; x_wconf 82' lang='lat' dir='ltr'><strong>vid.</strong></span> <span class='ocrx_word' id='word_1_110' title='bbox 2597 2442 2673 2505; x_wconf 89' lang='lat' dir='ltr'><strong>ad</strong></span> <span class='ocrx_word' id='word_1_111' title='bbox 2719 2441 2876 2505; x_wconf 90' lang='lat' dir='ltr'><strong>Ach.</strong></span> <span class='ocrx_word' id='word_1_112' title='bbox 2929 2444 3078 2504; x_wconf 74' lang='lat'>410.</span> 
     </span>
    </p>
   </div>
   <div class='ocr_carea' id='block_1_5' title="bbox 833 2683 2812 3000">
    <p class='ocr_par' dir='ltr' id='par_1_5' title="bbox 833 2683 2812 3000">
     <span class='ocr_line' id='line_1_14' title="bbox 833 2683 2528 2770; baseline 0.002 -18"><span class='ocrx_word' id='word_1_113' title='bbox 833 2691 941 2757; x_wconf 76' lang='lat' dir='ltr'><strong>Vs.</strong></span> <span class='ocrx_word' id='word_1_114' title='bbox 996 2683 1154 2754; x_wconf 84' lang='grc'><strong>100.</strong></span> <span class='ocrx_word' id='word_1_115' title='bbox 1227 2689 1422 2769; x_wconf 68' lang='grc' dir='ltr'><strong>κὶθὲρκ</strong></span> <span class='ocrx_word' id='word_1_116' title='bbox 1475 2690 1613 2761; x_wconf 69' lang='grc' dir='ltr'><strong>Διὸς</strong></span> <span class='ocrx_word' id='word_1_117' title='bbox 1659 2688 1971 2766; x_wconf 62' lang='grc' dir='ltr'><strong><em>δωμάτιον.</em></strong></span> <span class='ocrx_word' id='word_1_118' title='bbox 2022 2690 2054 2763; x_wconf 78' lang='grc' dir='ltr'>ἢ</span> <span class='ocrx_word' id='word_1_119' title='bbox 2103 2694 2307 2770; x_wconf 83' lang='grc' dir='ltr'><strong><em>χρόνου</em></strong></span> <span class='ocrx_word' id='word_1_120' title='bbox 2353 2691 2528 2763; x_wconf 70' lang='grc' dir='ltr'><em>πόδα,</em></span> 
     </span>
     <span class='ocr_line' id='line_1_15' title="bbox 1231 2803 2812 2885; baseline 0.001 -19"><span class='ocrx_word' id='word_1_121' title='bbox 1231 2803 1263 2878; x_wconf 76' lang='grc' dir='ltr'>ἢ</span> <span class='ocrx_word' id='word_1_122' title='bbox 1315 2804 1501 2883; x_wconf 72' lang='grc' dir='ltr'><strong><em>φρὲνκ</em></strong></span> <span class='ocrx_word' id='word_1_123' title='bbox 1548 2803 1658 2880; x_wconf 77' lang='grc' dir='ltr'><strong>μὲν</strong></span> <span class='ocrx_word' id='word_1_124' title='bbox 1706 2805 1808 2867; x_wconf 82' lang='grc' dir='ltr'><strong>οὐκ</strong></span> <span class='ocrx_word' id='word_1_125' title='bbox 1855 2804 2160 2868; x_wconf 71' lang='grc' dir='ltr'><strong><em>ἐθέλουσαν</em></strong></span> <span class='ocrx_word' id='word_1_126' title='bbox 2208 2806 2417 2882; x_wconf 64' lang='grc' dir='ltr'><strong><em>ὀμόσαι</em></strong></span> <span class='ocrx_word' id='word_1_127' title='bbox 2464 2807 2592 2870; x_wconf 74' lang='lat' dir='ltr'><strong>xxO&#39;</strong></span> <span class='ocrx_word' id='word_1_128' title='bbox 2641 2805 2812 2885; x_wconf 82' lang='grc' dir='ltr'><strong><em>ἱερῶν,</em></strong></span> 
     </span>
     <span class='ocr_line' id='line_1_16' title="bbox 1234 2916 2676 3000; baseline 0.001 -20"><span class='ocrx_word' id='word_1_129' title='bbox 1234 2922 1513 2995; x_wconf 70' lang='grc' dir='ltr'><strong><em>γλῶτταν</em></strong></span> <span class='ocrx_word' id='word_1_130' title='bbox 1561 2916 1612 2980; x_wconf 80' lang='grc' dir='ltr'><strong>δ’</strong></span> <span class='ocrx_word' id='word_1_131' title='bbox 1670 2918 2095 2997; x_wconf 61' lang='grc' dir='ltr'><strong><em>ἐπιορκήσασαν</em></strong></span> <span class='ocrx_word' id='word_1_132' title='bbox 2142 2918 2258 3000; x_wconf 69' lang='grc' dir='ltr'><strong>ἰδίᾳ</strong></span> <span class='ocrx_word' id='word_1_133' title='bbox 2303 2927 2410 2992; x_wconf 75' lang='grc' dir='ltr'><strong>τῆς</strong></span> <span class='ocrx_word' id='word_1_134' title='bbox 2456 2919 2676 2998; x_wconf 80' lang='grc' dir='ltr'><strong>φρενός.</strong></span> 
     </span>
    </p>
   </div>
   <div class='ocr_carea' id='block_1_6' title="bbox 832 3056 3095 4623">
    <p class='ocr_par' dir='ltr' id='par_1_6' title="bbox 832 3056 3095 4623">
     <span class='ocr_line' id='line_1_17' title="bbox 923 3056 3085 3138; baseline -0 -16"><span class='ocrx_word' id='word_1_135' title='bbox 923 3057 1127 3122; x_wconf 89' lang='lat' dir='ltr'><strong>Schol.</strong></span> <span class='ocrx_word' id='word_1_136' title='bbox 1203 3059 1327 3120; x_wconf 88' lang='lat'><strong>100</strong></span> <span class='ocrx_word' id='word_1_137' title='bbox 1386 3056 1703 3134; x_wconf 76' lang='grc' dir='ltr'><strong><em>Εὐριπίδου</em></strong></span> <span class='ocrx_word' id='word_1_138' title='bbox 1763 3057 1828 3120; x_wconf 82' lang='grc' dir='ltr'><strong>ἐκ</strong></span> <span class='ocrx_word' id='word_1_139' title='bbox 1889 3056 2325 3129; x_wconf 57' lang='lat' dir='ltr'><strong>Mennim-wne:</strong></span> <span class='ocrx_word' id='word_1_140' title='bbox 2390 3056 2607 3134; x_wconf 77' lang='grc' dir='ltr'><strong><em>ὄμνυμι</em></strong></span> <span class='ocrx_word' id='word_1_141' title='bbox 2656 3058 2707 3121; x_wconf 80' lang='grc' dir='ltr'><strong>δ’</strong></span> <span class='ocrx_word' id='word_1_142' title='bbox 2758 3058 2867 3137; x_wconf 77' lang='grc' dir='ltr'><strong><em>ἱρὸν</em></strong></span> <span class='ocrx_word' id='word_1_143' title='bbox 2913 3056 3085 3138; x_wconf 73' lang='grc' dir='ltr'><strong><em>αἰθέρ’</em></strong></span> 
     </span>
     <span class='ocr_line' id='line_1_18' title="bbox 832 3168 3083 3254; baseline -0.001 -19"><span class='ocrx_word' id='word_1_144' title='bbox 832 3170 1044 3245; x_wconf 76' lang='grc' dir='ltr'><strong><em>οἴκησιν</em></strong></span> <span class='ocrx_word' id='word_1_145' title='bbox 1110 3170 1264 3242; x_wconf 72' lang='grc' dir='ltr'><strong>Διός.</strong></span> <span class='ocrx_word' id='word_1_146' title='bbox 1331 3168 1394 3232; x_wconf 85' lang='lat' dir='ltr'><strong>Si</strong></span> <span class='ocrx_word' id='word_1_147' title='bbox 1458 3168 1625 3234; x_wconf 89' lang='lat' dir='ltr'><strong>hunc</strong></span> <span class='ocrx_word' id='word_1_148' title='bbox 1687 3169 1894 3232; x_wconf 89' lang='lat' dir='ltr'><strong>locum</strong></span> <span class='ocrx_word' id='word_1_149' title='bbox 1960 3171 2230 3254; x_wconf 80' lang='lat' dir='ltr'><strong>respexit</strong></span> <span class='ocrx_word' id='word_1_150' title='bbox 2285 3170 2579 3249; x_wconf 76' lang='lat' dir='ltr'><strong>comicuS,</strong></span> <span class='ocrx_word' id='word_1_151' title='bbox 2628 3169 2962 3247; x_wconf 86' lang='lat' dir='ltr'><strong>„iniusta”</strong></span> <span class='ocrx_word' id='word_1_152' title='bbox 3009 3178 3083 3234; x_wconf 89' lang='lat' dir='ltr'><strong>ut</strong></span> 
     </span>
     <span class='ocr_line' id='line_1_19' title="bbox 834 3283 3083 3371; baseline 0 -23"><span class='ocrx_word' id='word_1_153' title='bbox 834 3285 1081 3371; x_wconf 78' lang='lat' dir='ltr'><strong>scripsit</strong></span> <span class='ocrx_word' id='word_1_154' title='bbox 1143 3285 1245 3349; x_wconf 85' lang='lat' dir='ltr'><strong>Fr.</strong></span> <span class='ocrx_word' id='word_1_155' title='bbox 1295 3292 1418 3361; x_wconf 87' lang='lat' dir='ltr'><strong>„et</strong></span> <span class='ocrx_word' id='word_1_156' title='bbox 1466 3291 1602 3348; x_wconf 87' lang='lat' dir='ltr'><strong>toto</strong></span> <span class='ocrx_word' id='word_1_157' title='bbox 1646 3306 1871 3367; x_wconf 83' lang='lat' dir='ltr'><strong>genere</strong></span> <span class='ocrx_word' id='word_1_158' title='bbox 1920 3283 2131 3347; x_wconf 89' lang='lat' dir='ltr'><strong>ieiuna</strong></span> <span class='ocrx_word' id='word_1_159' title='bbox 2178 3284 2425 3348; x_wconf 85' lang='lat' dir='ltr'><strong>videtur</strong></span> <span class='ocrx_word' id='word_1_160' title='bbox 2471 3307 2731 3349; x_wconf 80' lang='lat' dir='ltr'><strong>censura</strong></span> <span class='ocrx_word' id='word_1_161' title='bbox 2777 3284 3083 3369; x_wconf 82' lang='lat' dir='ltr'><strong>lususque</strong></span> 
     </span>
     <span class='ocr_line' id='line_1_20' title="bbox 832 3396 3087 3483; baseline -0.001 -20"><span class='ocrx_word' id='word_1_162' title='bbox 832 3400 1013 3477; x_wconf 86' lang='lat' dir='ltr'><strong>„iste</strong></span> <span class='ocrx_word' id='word_1_163' title='bbox 1076 3397 1573 3483; x_wconf 85' lang='lat' dir='ltr'><strong>Aristophanis.’&#39;</strong></span> <span class='ocrx_word' id='word_1_164' title='bbox 1636 3397 1726 3461; x_wconf 88' lang='lat' dir='ltr'><strong>Ut</strong></span> <span class='ocrx_word' id='word_1_165' title='bbox 1787 3396 2157 3482; x_wconf 82' lang='lat' dir='ltr'><strong>Euripidem</strong></span> <span class='ocrx_word' id='word_1_166' title='bbox 2217 3398 2620 3463; x_wconf 79' lang='lat' dir='ltr'><strong>defenderent</strong></span> <span class='ocrx_word' id='word_1_167' title='bbox 2672 3399 2959 3463; x_wconf 83' lang='lat' dir='ltr'><strong>certatim</strong></span> <span class='ocrx_word' id='word_1_168' title='bbox 2998 3405 3087 3463; x_wconf 86' lang='lat' dir='ltr'><strong>at-</strong></span> 
     </span>
     <span class='ocr_line' id='line_1_21' title="bbox 834 3506 3088 3597; baseline -0.001 -20"><span class='ocrx_word' id='word_1_169' title='bbox 834 3513 1126 3577; x_wconf 87' lang='lat' dir='ltr'><strong>tulerunt</strong></span> <span class='ocrx_word' id='word_1_170' title='bbox 1179 3506 1561 3597; x_wconf 73' lang='lat' dir='ltr'><strong>=interpretes</strong></span> <span class='ocrx_word' id='word_1_171' title='bbox 1621 3509 1782 3575; x_wconf 92' lang='lat' dir='ltr'><strong>illud</strong></span> <span class='ocrx_word' id='word_1_172' title='bbox 1845 3510 2103 3575; x_wconf 85' lang='lat' dir='ltr'><strong>Homeri</strong></span> <span class='ocrx_word' id='word_1_173' title='bbox 2155 3512 2297 3582; x_wconf 76' lang='grc' dir='ltr'>Ζεὺς</span> <span class='ocrx_word' id='word_1_174' title='bbox 2343 3512 2511 3591; x_wconf 70' lang='grc' dir='ltr'><strong><em>αἰθέρι</em></strong></span> <span class='ocrx_word' id='word_1_175' title='bbox 2561 3513 2747 3584; x_wconf 65' lang='grc' dir='ltr'><strong><em>ναίων,</em></strong></span> <span class='ocrx_word' id='word_1_176' title='bbox 2798 3520 2858 3575; x_wconf 87' lang='lat' dir='ltr'><strong>et</strong></span> <span class='ocrx_word' id='word_1_177' title='bbox 2906 3513 3088 3578; x_wconf 89' lang='lat' dir='ltr'><strong>comi-</strong></span> 
     </span>
     <span class='ocr_line' id='line_1_22' title="bbox 838 3625 3087 3713; baseline -0 -22"><span class='ocrx_word' id='word_1_178' title='bbox 838 3651 979 3691; x_wconf 84' lang='lat' dir='ltr'><strong>cum</strong></span> <span class='ocrx_word' id='word_1_179' title='bbox 1041 3628 1288 3713; x_wconf 81' lang='lat' dir='ltr'><strong>saepius</strong></span> <span class='ocrx_word' id='word_1_180' title='bbox 1348 3627 1603 3689; x_wconf 89' lang='lat' dir='ltr'><strong>minime</strong></span> <span class='ocrx_word' id='word_1_181' title='bbox 1653 3626 1846 3703; x_wconf 83' lang='lat' dir='ltr'><strong>„sine</strong></span> <span class='ocrx_word' id='word_1_182' title='bbox 1893 3626 1984 3689; x_wconf 83' lang='lat' dir='ltr'><strong>ira</strong></span> <span class='ocrx_word' id='word_1_183' title='bbox 2033 3634 2091 3688; x_wconf 84' lang='lat' dir='ltr'><strong>et</strong></span> <span class='ocrx_word' id='word_1_184' title='bbox 2143 3625 2392 3689; x_wconf 87' lang='lat' dir='ltr'><strong>studio’&#39;</strong></span> <span class='ocrx_word' id='word_1_185' title='bbox 2435 3625 2759 3705; x_wconf 82' lang='lat' dir='ltr'><strong>iudicasse,</strong></span> <span class='ocrx_word' id='word_1_186' title='bbox 2811 3650 2883 3690; x_wconf 87' lang='lat' dir='ltr'><strong>ca</strong></span> <span class='ocrx_word' id='word_1_187' title='bbox 2929 3648 3087 3710; x_wconf 90' lang='lat' dir='ltr'><strong>quae</strong></span> 
     </span>
     <span class='ocr_line' id='line_1_23' title="bbox 837 3738 3087 3824; baseline -0 -19"><span class='ocrx_word' id='word_1_188' title='bbox 837 3743 913 3806; x_wconf 92' lang='lat' dir='ltr'><strong>de</strong></span> <span class='ocrx_word' id='word_1_189' title='bbox 979 3742 1228 3805; x_wconf 85' lang='lat' dir='ltr'><strong>Socrate</strong></span> <span class='ocrx_word' id='word_1_190' title='bbox 1291 3748 1355 3803; x_wconf 88' lang='lat' dir='ltr'><strong>et</strong></span> <span class='ocrx_word' id='word_1_191' title='bbox 1415 3739 1660 3803; x_wconf 86' lang='lat' dir='ltr'><strong>Pericle</strong></span> <span class='ocrx_word' id='word_1_192' title='bbox 1706 3739 1977 3824; x_wconf 87' lang='lat' dir='ltr'><strong>protulit</strong></span> <span class='ocrx_word' id='word_1_193' title='bbox 2025 3738 2398 3802; x_wconf 87' lang='lat' dir='ltr'><strong>documento</strong></span> <span class='ocrx_word' id='word_1_194' title='bbox 2450 3748 2617 3803; x_wconf 85' lang='lat' dir='ltr'><strong>sunt.</strong></span> <span class='ocrx_word' id='word_1_195' title='bbox 2669 3740 3087 3817; x_wconf 85' lang='lat' dir='ltr'><strong>„Attamen‚&#39;&#39;</strong></span> 
     </span>
     <span class='ocr_line' id='line_1_24' title="bbox 838 3852 3090 3941; baseline 0 -22"><span class='ocrx_word' id='word_1_196' title='bbox 838 3857 924 3919; x_wconf 87' lang='lat' dir='ltr'><strong>sic</strong></span> <span class='ocrx_word' id='word_1_197' title='bbox 971 3855 1179 3941; x_wconf 88' lang='lat' dir='ltr'><strong>pergit</strong></span> <span class='ocrx_word' id='word_1_198' title='bbox 1218 3854 1342 3931; x_wconf 70' lang='lat' dir='ltr'><strong>Fr„</strong></span> <span class='ocrx_word' id='word_1_199' title='bbox 1394 3852 1788 3940; x_wconf 80' lang='lat' dir='ltr'><strong>„Euripides</strong></span> <span class='ocrx_word' id='word_1_200' title='bbox 1833 3852 1910 3916; x_wconf 84' lang='lat' dir='ltr'><strong>ab</strong></span> <span class='ocrx_word' id='word_1_201' title='bbox 1961 3856 2325 3937; x_wconf 80' lang='lat' dir='ltr'><strong>Anaxagora</strong></span> <span class='ocrx_word' id='word_1_202' title='bbox 2372 3853 2744 3939; x_wconf 87' lang='lat' dir='ltr'><strong>philosopho</strong></span> <span class='ocrx_word' id='word_1_203' title='bbox 2792 3853 3090 3920; x_wconf 88' lang='lat' dir='ltr'><strong>inductus</strong></span> 
     </span>
     <span class='ocr_line' id='line_1_25' title="bbox 838 3967 3092 4048; baseline -0 -16"><span class='ocrx_word' id='word_1_204' title='bbox 838 4020 876 4048; x_wconf 90' lang='lat'><strong>,‚</strong></span> <span class='ocrx_word' id='word_1_205' title='bbox 897 3969 1083 4032; x_wconf 85' lang='lat' dir='ltr'><strong>toties</strong></span> <span class='ocrx_word' id='word_1_206' title='bbox 1130 3968 1442 4031; x_wconf 83' lang='lat' dir='ltr'><strong>aetherem</strong></span> <span class='ocrx_word' id='word_1_207' title='bbox 1491 3969 1874 4046; x_wconf 75' lang='lat' dir='ltr'><strong>memoravit,</strong></span> <span class='ocrx_word' id='word_1_208' title='bbox 1905 4016 2097 4031; x_wconf 93' lang='grc'><strong>.....</strong></span> <span class='ocrx_word' id='word_1_209' title='bbox 2148 3977 2219 4031; x_wconf 88' lang='lat' dir='ltr'><strong>ut</strong></span> <span class='ocrx_word' id='word_1_210' title='bbox 2264 3969 2530 4031; x_wconf 86' lang='lat' dir='ltr'><strong>aetheris</strong></span> <span class='ocrx_word' id='word_1_211' title='bbox 2580 3967 2893 4032; x_wconf 85' lang='lat' dir='ltr'><strong>mentione</strong></span> <span class='ocrx_word' id='word_1_212' title='bbox 2929 3969 3092 4031; x_wconf 84' lang='lat' dir='ltr'><strong>facta</strong></span> 
     </span>
     <span class='ocr_line' id='line_1_26' title="bbox 836 4080 3086 4168; baseline 0 -23"><span class='ocrx_word' id='word_1_213' title='bbox 836 4082 993 4160; x_wconf 82' lang='lat' dir='ltr'><strong>„vel</strong></span> <span class='ocrx_word' id='word_1_214' title='bbox 1057 4083 1121 4146; x_wconf 90' lang='lat' dir='ltr'><strong>in</strong></span> <span class='ocrx_word' id='word_1_215' title='bbox 1186 4082 1421 4167; x_wconf 88' lang='lat' dir='ltr'><strong>optima</strong></span> <span class='ocrx_word' id='word_1_216' title='bbox 1469 4103 1655 4145; x_wconf 85' lang='lat' dir='ltr'><strong>causa</strong></span> <span class='ocrx_word' id='word_1_217' title='bbox 1700 4080 1970 4145; x_wconf 89' lang='lat' dir='ltr'><strong>derideri</strong></span> <span class='ocrx_word' id='word_1_218' title='bbox 2020 4104 2054 4143; x_wconf 81' lang='lat' dir='ltr'><strong>a</strong></span> <span class='ocrx_word' id='word_1_219' title='bbox 2102 4081 2371 4146; x_wconf 83' lang='lat' dir='ltr'><strong>Cornicis</strong></span> <span class='ocrx_word' id='word_1_220' title='bbox 2419 4088 2626 4168; x_wconf 86' lang='lat' dir='ltr'><strong>posset</strong></span> <span class='ocrx_word' id='word_1_221' title='bbox 2675 4080 2866 4165; x_wconf 88' lang='lat' dir='ltr'><strong>vulgo</strong></span> <span class='ocrx_word' id='word_1_222' title='bbox 2914 4081 3086 4167; x_wconf 89' lang='lat' dir='ltr'><strong>plau-</strong></span> 
     </span>
     <span class='ocr_line' id='line_1_27' title="bbox 838 4194 3093 4279; baseline 0 -21"><span class='ocrx_word' id='word_1_223' title='bbox 838 4194 1143 4273; x_wconf 86' lang='lat' dir='ltr'><strong>,‚dente.”</strong></span> <span class='ocrx_word' id='word_1_224' title='bbox 1212 4194 1390 4275; x_wconf 84' lang='lat' dir='ltr'><strong>Quae</strong></span> <span class='ocrx_word' id='word_1_225' title='bbox 1447 4216 1589 4257; x_wconf 87' lang='lat' dir='ltr'><strong>vera</strong></span> <span class='ocrx_word' id='word_1_226' title='bbox 1643 4201 1814 4271; x_wconf 78' lang='lat' dir='ltr'><strong>sunt,</strong></span> <span class='ocrx_word' id='word_1_227' title='bbox 1879 4196 1929 4258; x_wconf 84' lang='lat' dir='ltr'><strong>si</strong></span> <span class='ocrx_word' id='word_1_228' title='bbox 1992 4195 2331 4279; x_wconf 83' lang='lat' dir='ltr'><strong>excipimus</strong></span> <span class='ocrx_word' id='word_1_229' title='bbox 2392 4216 2553 4277; x_wconf 89' lang='lat' dir='ltr'><strong>quae</strong></span> <span class='ocrx_word' id='word_1_230' title='bbox 2600 4194 2676 4258; x_wconf 93' lang='lat' dir='ltr'><strong>de</strong></span> <span class='ocrx_word' id='word_1_231' title='bbox 2724 4196 3093 4279; x_wconf 81' lang='lat' dir='ltr'><strong>Anaxagora</strong></span> 
     </span>
     <span class='ocr_line' id='line_1_28' title="bbox 839 4307 3095 4394; baseline 0 -22"><span class='ocrx_word' id='word_1_232' title='bbox 839 4308 1072 4388; x_wconf 81' lang='lat' dir='ltr'><strong>scribit,</strong></span> <span class='ocrx_word' id='word_1_233' title='bbox 1124 4308 1198 4371; x_wconf 84' lang='lat' dir='ltr'><strong>cs.</strong></span> <span class='ocrx_word' id='word_1_234' title='bbox 1249 4308 1326 4371; x_wconf 89' lang='lat' dir='ltr'><strong>ad</strong></span> <span class='ocrx_word' id='word_1_235' title='bbox 1372 4308 1620 4371; x_wconf 77' lang='lat' dir='ltr'><strong>Thesin.</strong></span> <span class='ocrx_word' id='word_1_236' title='bbox 1675 4310 1775 4372; x_wconf 86' lang='lat'><strong>13.</strong></span> <span class='ocrx_word' id='word_1_237' title='bbox 1824 4307 2051 4392; x_wconf 76' lang='lat' dir='ltr'><strong>Neque</strong></span> <span class='ocrx_word' id='word_1_238' title='bbox 2094 4310 2300 4372; x_wconf 81' lang='lat' dir='ltr'><strong>minus</strong></span> <span class='ocrx_word' id='word_1_239' title='bbox 2345 4308 2577 4372; x_wconf 83' lang='lat' dir='ltr'><strong>iniusto</strong></span> <span class='ocrx_word' id='word_1_240' title='bbox 2616 4309 2847 4394; x_wconf 84' lang='lat' dir='ltr'><strong>carpsit</strong></span> <span class='ocrx_word' id='word_1_241' title='bbox 2887 4309 3095 4389; x_wconf 76' lang='grc' dir='ltr'><strong><em>χρένου</em></strong></span> 
     </span>
     <span class='ocr_line' id='line_1_29' title="bbox 839 4423 3089 4509; baseline 0 -23"><span class='ocrx_word' id='word_1_242' title='bbox 839 4426 1012 4495; x_wconf 68' lang='grc' dir='ltr'><strong>πέδαι,</strong></span> <span class='ocrx_word' id='word_1_243' title='bbox 1062 4423 1268 4501; x_wconf 87' lang='lat' dir='ltr'><strong>verba,</strong></span> <span class='ocrx_word' id='word_1_244' title='bbox 1310 4432 1466 4487; x_wconf 85' lang='lat' dir='ltr'><strong>teste</strong></span> <span class='ocrx_word' id='word_1_245' title='bbox 1503 4423 1856 4500; x_wconf 81' lang='lat' dir='ltr'><strong>scholiasta,</strong></span> <span class='ocrx_word' id='word_1_246' title='bbox 1899 4447 1973 4487; x_wconf 82' lang='lat' dir='ltr'><strong>ex</strong></span> <span class='ocrx_word' id='word_1_247' title='bbox 2014 4423 2366 4487; x_wconf 82' lang='lat' dir='ltr'><strong>Alexandro</strong></span> <span class='ocrx_word' id='word_1_248' title='bbox 2392 4423 2543 4487; x_wconf 82' lang='lat' dir='ltr'><strong>Eur.</strong></span> <span class='ocrx_word' id='word_1_249' title='bbox 2569 4425 2768 4509; x_wconf 87' lang='lat' dir='ltr'><strong>petita</strong></span> <span class='ocrx_word' id='word_1_250' title='bbox 2795 4423 3089 4501; x_wconf 70' lang='lat' dir='ltr'><strong>ubi„xa}</strong></span> 
     </span>
     <span class='ocr_line' id='line_1_30' title="bbox 838 4535 3088 4623; baseline 0 -22"><span class='ocrx_word' id='word_1_251' title='bbox 838 4536 1044 4617; x_wconf 77' lang='grc' dir='ltr'><strong><em>χρόνου</em></strong></span> <span class='ocrx_word' id='word_1_252' title='bbox 1104 4537 1417 4615; x_wconf 60' lang='grc' dir='ltr'><strong><em>προῦβαινε</em></strong></span> <span class='ocrx_word' id='word_1_253' title='bbox 1473 4535 1680 4609; x_wconf 45' lang='lat' dir='ltr'><strong>mad</strong></span> <span class='ocrx_word' id='word_1_254' title='bbox 1742 4536 1975 4601; x_wconf 85' lang='lat' dir='ltr'><strong>Eadem</strong></span> <span class='ocrx_word' id='word_1_255' title='bbox 2037 4536 2229 4602; x_wconf 87' lang='lat' dir='ltr'><strong>dictio</strong></span> <span class='ocrx_word' id='word_1_256' title='bbox 2288 4538 2598 4623; x_wconf 85' lang='lat' dir='ltr'><strong>reperitur</strong></span> <span class='ocrx_word' id='word_1_257' title='bbox 2658 4537 2883 4603; x_wconf 87' lang='lat' dir='ltr'><strong>Bacch.</strong></span> <span class='ocrx_word' id='word_1_258' title='bbox 2937 4542 3088 4616; x_wconf 75' lang='lat'><strong>889,</strong></span> 
     </span>
    </p>
   </div>
  </div>
 </body>
</html>
