3875 5634
867 677 988 740 176
1815 692 2048 739 aman.

817 861 879 922 in
941 861 1077 922 urbe
1139 859 1366 922 nutriri
1409 860 1657 921 leonem:
1711 858 1816 922 Sin
1866 866 2063 922 autem
2108 860 2192 921 sit
2236 861 2441 938 alitus,
2489 861 2716 944 obsequi
2762 862 2818 923 ei
2862 884 3062 926 conve-

818 972 1004 1035 nire.’'
1068 968 1356 1034 Valerius
1418 970 1614 1054 igitur
1674 977 1787 1034 aut
1843 978 1969 1035 tres
2014 994 2230 1036 versus
2276 980 2533 1036 noverat
2576 978 2689 1036 aut
2732 974 2889 1039 duos
2935 997 3066 1061 pos·

818 1084 1095 1149 teriores.

818 1306 924 1373 Vs.
979 1300 1187 1372 1438.
1257 1305 1457 1389 αἴροιεν
1502 1300 1673 1388 αὖρκι
1717 1307 2021 1386 πελαγίαν
2068 1308 2207 1389 ὑπὲρ
2258 1307 2488 1374 πλάκα.

910 1419 1168 1486 Constat
1227 1421 1390 1485 inter
1448 1420 1610 1485 viros
1671 1420 1888 1485 doctos
1954 1443 2078 1485 non
2123 1444 2324 1509 pauca
2369 1422 2471 1487 hic
2516 1423 2890 1510 interpolata
2937 1447 3066 1489 esse

821 1535 919 1598 vel
978 1536 1188 1621 potius
1233 1533 1544 1619 duplicem
1587 1533 1768 1598 nobis
1813 1533 2111 1599 traditam
2162 1559 2294 1600 esse
2343 1537 2781 1603 recensionem.
2830 1538 3066 1603 Aristo·

820 1648 1053 1735 phanes
1109 1656 1251 1735 post
1315 1649 1484 1711 1436
1545 1647 1792 1733 scripsit
1858 1670 1974 1713 vss.
2039 1649 2211 1712 1442
2278 1671 2410 1735 sqq.
2460 1656 2525 1714 et
2568 1658 2707 1736 post
2749 1653 2917 1715 1450
2966 1652 3067 1716 vel

828 1765 995 1826 1448
1046 1764 1240 1847 (1449
1290 1769 1354 1826 et
1410 1764 1571 1825 1450
1621 1762 1942 1825 eiecerunt
1988 1761 2324 1842 Hamaker,
2374 1762 2669 1828 Meineke
2714 1762 2905 1831 Vind.
2949 1767 3066 1832 Ar.

824 1900 886 1964 p.
952 1878 1098 1957 181,
1164 1875 1465 1959 Dindorf)
1529 1899 1646 1941 vss.
1712 1877 1884 1939 1454
1932 1898 2066 1960 sqq.
2114 1876 2357 1942 Histrio
2403 1878 2497 1942 vel
2547 1878 2833 1962 quisquis
2880 1879 3074 1944 fuerit

826 1992 933 2075 qui
997 1996 1356 2055 contextum
1421 1990 1758 2055 mutaverit
1816 2014 1936 2055 vss.
1990 1992 2158 2054 1443
2207 1989 2348 2056 ὅταν
2392 1991 2475 2055 τὰ
2520 2029 2611 2039 -
2660 1994 2828 2056 1450
2877 1991 3070 2074 σωζοί-

827 2104 957 2183 μεθ’
1003 2104 1077 2168 ἄν
1121 2105 1382 2169 removit
1430 2110 1492 2168 et
1540 2105 1602 2168 in
1650 2126 1865 2168 eorum
1913 2104 2119 2169 locum
2174 2104 2342 2168 1437
2386 2105 2439 2169 εἴ
2464 2129 2553 2180 τις
2592 2143 2678 2154 -
2723 2108 2888 2170 1441
2918 2108 3076 2172 &vav-

828 2220 958 2284 τίων
1004 2227 1068 2282 ct
1117 2221 1282 2282 1451
1333 2213 1396 2282 εὖ
1441 2256 1530 2265 -
1582 2219 1750 2281 1453
1797 2217 1909 2288 τὰς
1947 2216 1999 2281 δ’
2047 2215 2260 2293 ὀξίδας
2311 2224 2673 2300 Κηφισοφῶν
2720 2218 3071 2286 substituit.

918 2331 1388 2396 Observandum
1458 2340 1550 2395 est
1620 2329 1804 2395 verba
1873 2330 2072 2412 αἴροιεν
2144 2333 2268 2397 κτὲ.
2329 2333 2563 2417 tragica
2623 2356 2753 2398 esse
2797 2342 2881 2411 et,
2931 2355 3073 2399 cum

831 2446 1161 2532 Euripides
1222 2471 1285 2510 se
1333 2445 1576 2509 consilii
1629 2446 1792 2510 1437
1846 2468 1979 2528 sqq.
2027 2453 2344 2509 auctorem
2394 2470 2523 2510 essc
2571 2447 2935 2531 profiteatur
2984 2471 3072 2513 vs.

839 2562 1026 2636 1453,
1075 2560 1372 2645 suspicari
1422 2559 1570 2623 licet
1617 2582 1688 2622 ea
1737 2581 1811 2623 ex
1857 2558 2070 2641 aliquo
2107 2558 2384 2623 dramate
2430 2559 2751 2646 Euripidis
2797 2559 3078 2625 derivata

832 2697 982 2739 esse.
1043 2671 1123 2737 In
1185 2675 1339 2738 Eur.
1407 2670 1737 2737 Palamede
1795 2672 1869 2738 fr.
1924 2675 2048 2735 582
2096 2671 2330 2757 legitur
2377 2673 2616 2746 ποντίαις
2662 2672 2800 2755 ὑπὲρ
2847 2675 3077 2748 ammi-3·

833 2795 897 2850 et
955 2784 1156 2852 Schol.
1224 2789 1386 2850 1451
1455 2785 1678 2850 habet:
1732 2786 1868 2866 πρὸς
1914 2786 2012 2850 τὸν
2060 2787 2381 2867 Εὐριπίδην
2427 2784 2511 2851 ἔτι
2551 2788 2696 2861 εἰκὸς
2743 2789 2809 2853 ἐκ
2854 2797 3071 2853 nxaoe-

836 2900 1055 2978 μήδους
1114 2899 1454 2965 verrucam
1515 2905 1731 2964 Tafis-x.
1801 2898 1981 2980 Quae
2044 2906 2252 2964 tamen
2318 2902 2642 2966 annotatio
2690 2902 2933 2968 nullius
2984 2910 3079 2968 est

835 3015 1040 3101 pretii.
1110 3013 1300 3078 Recte
1363 3012 1555 3078 Dind.
1617 3013 2007 3092 „temeraria
2066 3020 2160 3077 est
2218 3016 2577 3079 coniectura
2638 3039 2762 3081 non
2810 3017 3082 3082 animad-

836 3129 1191 3207 „vertentis
1235 3127 1446 3192 referri
1491 3126 1644 3190 haec
1695 3121 1798 3212 (εὖ
1843 3127 1905 3206 γ’
1955 3122 1995 3189 ὦ
2043 3127 2246 3214 Hm..)
2299 3126 2376 3191 ad
2421 3130 2765 3214 superiores
2813 3130 3081 3218 interpo-

836 3242 1111 3320 „latoris
1155 3264 1365 3306 versus
1416 3242 1584 3305 1440
1636 3247 1701 3304 et
1750 3241 1916 3303 1441
1970 3241 2017 3304 εἷ
2063 3248 2435 3321 ναυμαχοῖεν
2474 3244 2621 3323 xri„
2662 3243 2874 3326 qualia
2898 3267 3080 3310 nemo

837 3355 1009 3435 „sibi
1071 3352 1467 3442 persuadebit
1529 3354 1596 3417 in
1640 3353 1963 3439 Euripidis
2012 3352 2344 3418 Palamede
2391 3354 2554 3419 lecta
2599 3357 2851 3422 fuisse.”
2899 3357 3085 3423 Scho-

836 3469 1050 3535 liastae
1097 3470 1452 3533 coniectura
1496 3467 1725 3532 nititur
1772 3466 2189 3531 allocutione:
2243 3463 2283 3530 ὦ
2332 3468 2726 3545 Πκλοέμηδες,
2766 3491 2954 3553 quam
2996 3476 3086 3535 ta-

839 3605 980 3647 men
1052 3604 1271 3668 urgere
1339 3604 1463 3646 non
1539 3580 1707 3645 licet.
1783 3579 1946 3644 Nam
2016 3579 2382 3661 PalamediS,
2455 3582 2797 3647 multarum
2844 3585 3076 3650 artium

838 3695 1200 3775 inventoris,
1263 3695 1509 3758 nomine
1557 3691 2037 3779 appellabantur
2084 3693 2365 3758 homines
2412 3696 2645 3759 versuti
2696 3704 2760 3759 et
2807 3696 3085 3761 sollertes

842 3812 951 3896 qui
999 3812 1162 3876 sicut
1207 3808 1616 3872 Prometheus
1664 3806 1829 3872 aava}
1880 3815 2083 3871 essent
2126 3804 2247 3881 κάξ
2284 3807 2622 3888 ἀμηχάνων
2668 3812 2869 3889 πόρους
2918 3810 3086 3890 εὑρεῖν

843 3923 1186 3988 Conserunt
1232 3924 1343 3986 viri
1393 3922 1560 3986 docti
1609 3920 1770 3984 Plat.
1819 3919 2082 3986 Phaedr.
2132 3944 2193 4006 p.
2245 3924 2392 3999 261,
2441 3921 2551 3986 ubi
2601 3922 2761 3987 Zeno
2807 3923 2832 3986 ὃ
2877 3925 3087 3988 Ἐλεα-

840 4040 995 4111 τικὸς
1041 4038 1420 4115 Πκλκμήδης
1468 4044 1724 4100 vocatur
1771 4041 1834 4098 et
1881 4034 2109 4120 Eupol.
2161 4037 2233 4099 fr.
2280 4036 2429 4112 303,
2474 4035 2669 4101 Mein.
2714 4036 2785 4100 ΙΙ
2830 4059 2890 4122 p.
2936 4037 3086 4117 547,

847 4151 957 4216 ubi
1005 4152 1082 4216 A.
1133 4145 1255 4214 εἷεν.
1306 4150 1392 4221 τίς
1439 4144 1594 4213 εἶπεν
1648 4149 1916 4227 „abulaz
1963 4146 2130 4211 πκῖ”
2177 4152 2395 4228 πρῶτος
2440 4146 2674 4226 μεταξὺ
2720 4150 2928 4225 πίνωνς

1015 4264 1089 4328 Β.
1140 4262 1565 4341 Παιλκμηδικόν
1611 4286 1683 4339 γε
1731 4267 1900 4325 τοῦτο
1945 4257 2317 4341 τούξεύρημκ
2363 4262 2461 4325 xx}
2510 4261 2691 4345 σοφόν
2729 4286 2847 4328 σου.

936 4376 1112 4458 Quos
1158 4399 1365 4441 versus
1408 4376 1621 4460 legens
1670 4396 1795 4438 non
1843 4396 2094 4459 possum
2144 4396 2271 4438 non
2318 4375 2620 4461 suspicari
2668 4383 2914 4461 poetam
2961 4398 3090 4440 ver·

851 4490 945 4555 bis
989 4491 1413 4569 Πκλαμηδικὸν
1460 4497 1524 4553 et
1567 4487 1773 4567 ἀμίδκ
1819 4488 2061 4554 111(101·0.
2110 4488 2259 4553 Νο11
2306 4496 2400 4554 est
2447 4489 2700 4573 quidem
2746 4491 2921 4556 iocus
2967 4491 3086 4577 pri-
