<?xml version="1.0" encoding="UTF-8"?>
<!DOCTYPE html PUBLIC "-//W3C//DTD XHTML 1.0 Transitional//EN"
    "http://www.w3.org/TR/xhtml1/DTD/xhtml1-transitional.dtd">
<html xmlns="http://www.w3.org/1999/xhtml" xml:lang="en" lang="en">
 <head>
  <title>
</title>
<meta http-equiv="Content-Type" content="text/html;charset=utf-8" />
  <meta name='ocr-system' content='tesseract 3.04.00' />
  <meta name='ocr-capabilities' content='ocr_page ocr_carea ocr_par ocr_line ocrx_word'/>
</head>
<body>
  <div class='ocr_page' id='page_1' title='image "./deparodiaincomo03bakhgoog_0116.png"; bbox 0 0 3875 5634; ppageno 0'>
   <div class='ocr_carea' id='block_1_1' title="bbox 905 723 2076 820">
    <p class='ocr_par' dir='ltr' id='par_1_1' title="bbox 905 723 2076 820">
     <span class='ocr_line' id='line_1_1' title="bbox 905 723 2076 820; baseline -0.001 -1"><span class='ocrx_word' id='word_1_1' title='bbox 905 723 994 819; x_wconf 56' lang='lat'>&#39;70</span> <span class='ocrx_word' id='word_1_2' title='bbox 1930 775 2076 820; x_wconf 61' lang='lat' dir='ltr'>Pax.</span> 
     </span>
    </p>
   </div>
   <div class='ocr_carea' id='block_1_2' title="bbox 858 938 3124 1130">
    <p class='ocr_par' dir='ltr' id='par_1_2' title="bbox 858 938 3124 1130">
     <span class='ocr_line' id='line_1_2' title="bbox 862 938 3124 1025; baseline 0 -17"><span class='ocrx_word' id='word_1_3' title='bbox 862 942 997 1008; x_wconf 90' lang='lat' dir='ltr'>lum</span> <span class='ocrx_word' id='word_1_4' title='bbox 1056 940 1400 1022; x_wconf 83' lang='lat' dir='ltr'>advenisse,</span> <span class='ocrx_word' id='word_1_5' title='bbox 1448 967 1537 1008; x_wconf 83' lang='lat' dir='ltr'>vs.</span> <span class='ocrx_word' id='word_1_6' title='bbox 1589 945 1715 1008; x_wconf 77' lang='lat'>283</span> <span class='ocrx_word' id='word_1_7' title='bbox 1763 945 2056 1025; x_wconf 76' lang='grc' dir='ltr'><strong><em>προλιπὼν</em></strong></span> <span class='ocrx_word' id='word_1_8' title='bbox 2096 942 2286 1024; x_wconf 77' lang='grc' dir='ltr'><strong><em>χθόνα</em></strong></span> <span class='ocrx_word' id='word_1_9' title='bbox 2331 941 2558 1024; x_wconf 79' lang='grc' dir='ltr'><strong><em>μητέρα</em></strong></span> <span class='ocrx_word' id='word_1_10' title='bbox 2605 941 2835 1022; x_wconf 60' lang='lat' dir='ltr'>mima,</span> <span class='ocrx_word' id='word_1_11' title='bbox 2875 938 3019 1007; x_wconf 76' lang='grc' dir='ltr'><strong><em>ἵκετ’</em></strong></span> <span class='ocrx_word' id='word_1_12' title='bbox 3063 943 3124 1017; x_wconf 81' lang='grc' dir='ltr'>ές</span> 
     </span>
     <span class='ocr_line' id='line_1_3' title="bbox 858 1053 1204 1130; baseline 0.003 -10"><span class='ocrx_word' id='word_1_13' title='bbox 858 1053 1204 1130; x_wconf 66' lang='grc' dir='ltr'><strong><em>ἀθανάτους.</em></strong></span> 
     </span>
    </p>
   </div>
   <div class='ocr_carea' id='block_1_3' title="bbox 953 1167 3120 1258">
    <p class='ocr_par' dir='ltr' id='par_1_3' title="bbox 953 1167 3120 1258">
     <span class='ocr_line' id='line_1_4' title="bbox 953 1167 3120 1258; baseline 0.003 -25"><span class='ocrx_word' id='word_1_14' title='bbox 953 1168 1163 1235; x_wconf 81' lang='lat' dir='ltr'>Crevit</span> <span class='ocrx_word' id='word_1_15' title='bbox 1225 1170 1440 1237; x_wconf 81' lang='lat' dir='ltr'>fabula</span> <span class='ocrx_word' id='word_1_16' title='bbox 1499 1172 1727 1237; x_wconf 90' lang='lat' dir='ltr'>eundo.</span> <span class='ocrx_word' id='word_1_17' title='bbox 1762 1167 2010 1237; x_wconf 79' lang='lat' dir='ltr'>‘Tradit</span> <span class='ocrx_word' id='word_1_18' title='bbox 2066 1171 2397 1251; x_wconf 80' lang='lat' dir='ltr'>Pindarus,</span> <span class='ocrx_word' id='word_1_19' title='bbox 2446 1170 2552 1237; x_wconf 89' lang='lat' dir='ltr'>Ol.</span> <span class='ocrx_word' id='word_1_20' title='bbox 2590 1170 2761 1237; x_wconf 87' lang='lat' dir='ltr'><strong>XIII</strong></span> <span class='ocrx_word' id='word_1_21' title='bbox 2811 1175 2937 1238; x_wconf 76' lang='lat'>120</span> <span class='ocrx_word' id='word_1_22' title='bbox 2985 1195 3120 1258; x_wconf 90' lang='lat' dir='ltr'>sqq.</span> 
     </span>
    </p>
   </div>
   <div class='ocr_carea' id='block_1_4' title="bbox 860 1283 3228 1383">
    <p class='ocr_par' dir='ltr' id='par_1_4' title="bbox 860 1283 3228 1383">
     <span class='ocr_line' id='line_1_5' title="bbox 860 1283 3228 1383; baseline 0 -34"><span class='ocrx_word' id='word_1_23' title='bbox 860 1283 1411 1372; x_wconf 83' lang='lat' dir='ltr'><strong>Bellerophontem</strong></span> <span class='ocrx_word' id='word_1_24' title='bbox 1456 1285 1694 1372; x_wconf 78' lang='lat' dir='ltr'>Pegaso</span> <span class='ocrx_word' id='word_1_25' title='bbox 1738 1294 1993 1352; x_wconf 84' lang='lat' dir='ltr'>vectum</span> <span class='ocrx_word' id='word_1_26' title='bbox 2040 1308 2313 1373; x_wconf 88' lang='lat' dir='ltr'>pugnam</span> <span class='ocrx_word' id='word_1_27' title='bbox 2359 1285 2571 1350; x_wconf 87' lang='lat' dir='ltr'>iniisse</span> <span class='ocrx_word' id='word_1_28' title='bbox 2610 1292 2693 1364; x_wconf 87' lang='lat' dir='ltr'>et,</span> <span class='ocrx_word' id='word_1_29' title='bbox 2733 1284 2959 1351; x_wconf 87' lang='lat' dir='ltr'>Isthm.</span> <span class='ocrx_word' id='word_1_30' title='bbox 2986 1284 3120 1351; x_wconf 84' lang='lat' dir='ltr'>VII</span> <span class='ocrx_word' id='word_1_31' title='bbox 3223 1378 3228 1383; x_wconf 83' lang='lat'>.</span> 
     </span>
    </p>
   </div>
   <div class='ocr_carea' id='block_1_5' title="bbox 847 1398 3229 3770">
    <p class='ocr_par' dir='ltr' id='par_1_5' title="bbox 856 1398 3229 2394">
     <span class='ocr_line' id='line_1_6' title="bbox 864 1398 3120 1484; baseline 0 -21"><span class='ocrx_word' id='word_1_32' title='bbox 864 1402 948 1464; x_wconf 83' lang='lat'>64</span> <span class='ocrx_word' id='word_1_33' title='bbox 999 1421 1155 1484; x_wconf 65' lang='lat' dir='ltr'>sqq„</span> <span class='ocrx_word' id='word_1_34' title='bbox 1203 1423 1369 1480; x_wconf 90' lang='lat' dir='ltr'>eum,</span> <span class='ocrx_word' id='word_1_35' title='bbox 1419 1401 1665 1465; x_wconf 87' lang='lat' dir='ltr'>coelum</span> <span class='ocrx_word' id='word_1_36' title='bbox 1715 1422 1857 1464; x_wconf 89' lang='lat' dir='ltr'>cum</span> <span class='ocrx_word' id='word_1_37' title='bbox 1907 1401 2103 1465; x_wconf 75' lang='lat' dir='ltr'>visere</span> <span class='ocrx_word' id='word_1_38' title='bbox 2150 1398 2364 1477; x_wconf 87' lang='lat' dir='ltr'>vellet,</span> <span class='ocrx_word' id='word_1_39' title='bbox 2409 1399 2476 1463; x_wconf 92' lang='lat' dir='ltr'>in</span> <span class='ocrx_word' id='word_1_40' title='bbox 2525 1406 2756 1464; x_wconf 89' lang='lat' dir='ltr'>terram</span> <span class='ocrx_word' id='word_1_41' title='bbox 2807 1398 3120 1474; x_wconf 84' lang='lat' dir='ltr'>deiectum</span> 
     </span>
     <span class='ocr_line' id='line_1_7' title="bbox 861 1511 3123 1603; baseline 0 -25"><span class='ocrx_word' id='word_1_42' title='bbox 861 1537 990 1578; x_wconf 86' lang='lat' dir='ltr'>esse</span> <span class='ocrx_word' id='word_1_43' title='bbox 1039 1521 1104 1578; x_wconf 88' lang='lat' dir='ltr'>et</span> <span class='ocrx_word' id='word_1_44' title='bbox 1149 1513 1373 1577; x_wconf 85' lang='lat' dir='ltr'>misere</span> <span class='ocrx_word' id='word_1_45' title='bbox 1418 1514 1677 1601; x_wconf 89' lang='lat' dir='ltr'>periisse</span> <span class='ocrx_word' id='word_1_46' title='bbox 1721 1512 1758 1578; x_wconf 74' lang='grc' dir='ltr'><em>ὅ</em></span> <span class='ocrx_word' id='word_1_47' title='bbox 1795 1537 1882 1578; x_wconf 91' lang='grc' dir='ltr'>τοι</span> <span class='ocrx_word' id='word_1_48' title='bbox 1927 1514 2180 1595; x_wconf 76' lang='grc' dir='ltr'>πτερόεις</span> <span class='ocrx_word' id='word_1_49' title='bbox 2227 1512 2413 1595; x_wconf 70' lang='grc' dir='ltr'><strong><em>ἔρριψε</em></strong></span> <span class='ocrx_word' id='word_1_50' title='bbox 2446 1511 2736 1591; x_wconf 74' lang='grc' dir='ltr'><strong><em>Πάγασος</em></strong></span> <span class='ocrx_word' id='word_1_51' title='bbox 2777 1512 2788 1603; x_wconf 89' lang='grc' dir='ltr'>Ι</span> <span class='ocrx_word' id='word_1_52' title='bbox 2827 1514 3123 1579; x_wconf 72' lang='grc' dir='ltr'><strong><em>δεσπόταν</em></strong></span> 
     </span>
     <span class='ocr_line' id='line_1_8' title="bbox 859 1627 3118 1718; baseline -0.001 -24"><span class='ocrx_word' id='word_1_53' title='bbox 859 1627 1106 1694; x_wconf 76' lang='grc' dir='ltr'>ἐθέλοντ’</span> <span class='ocrx_word' id='word_1_54' title='bbox 1166 1628 1228 1701; x_wconf 80' lang='grc' dir='ltr'>ἐς</span> <span class='ocrx_word' id='word_1_55' title='bbox 1284 1629 1522 1709; x_wconf 77' lang='grc' dir='ltr'><strong><em>οὐρανοῦ</em></strong></span> <span class='ocrx_word' id='word_1_56' title='bbox 1585 1628 1889 1709; x_wconf 77' lang='grc' dir='ltr'><strong><em>σταθμοὺς</em></strong></span> <span class='ocrx_word' id='word_1_57' title='bbox 1930 1627 1942 1718; x_wconf 83' lang='grc' dir='ltr'>Ι</span> <span class='ocrx_word' id='word_1_58' title='bbox 1980 1630 2165 1694; x_wconf 73' lang='grc' dir='ltr'><strong><em>ἐλθεῖν</em></strong></span> <span class='ocrx_word' id='word_1_59' title='bbox 2225 1629 2355 1708; x_wconf 76' lang='grc' dir='ltr'>μεθ’</span> <span class='ocrx_word' id='word_1_60' title='bbox 2401 1627 2685 1709; x_wconf 65' lang='grc' dir='ltr'><strong><em>ὁμάγυριν</em></strong></span> <span class='ocrx_word' id='word_1_61' title='bbox 2728 1627 3118 1710; x_wconf 78' lang='grc' dir='ltr'><strong><em>Βελλεροφόν-</em></strong></span> 
     </span>
     <span class='ocr_line' id='line_1_9' title="bbox 859 1730 3229 1831; baseline -0.001 -23"><span class='ocrx_word' id='word_1_62' title='bbox 859 1766 973 1808; x_wconf 89' lang='grc' dir='ltr'><strong><em>ταν</em></strong></span> <span class='ocrx_word' id='word_1_63' title='bbox 1013 1740 1023 1831; x_wconf 84' lang='grc' dir='ltr'>Ι</span> <span class='ocrx_word' id='word_1_64' title='bbox 1065 1741 1262 1817; x_wconf 74' lang='grc' dir='ltr'><strong><em>Ζηνός.</em></strong></span> <span class='ocrx_word' id='word_1_65' title='bbox 1312 1742 1569 1828; x_wconf 86' lang='lat' dir='ltr'>Equum</span> <span class='ocrx_word' id='word_1_66' title='bbox 1609 1751 1825 1808; x_wconf 88' lang='lat' dir='ltr'>autem</span> <span class='ocrx_word' id='word_1_67' title='bbox 1872 1744 1934 1808; x_wconf 91' lang='lat' dir='ltr'>in</span> <span class='ocrx_word' id='word_1_68' title='bbox 1985 1743 2225 1808; x_wconf 86' lang='lat' dir='ltr'>coelum</span> <span class='ocrx_word' id='word_1_69' title='bbox 2274 1742 2564 1820; x_wconf 75' lang='lat' dir='ltr'>evolasse,</span> <span class='ocrx_word' id='word_1_70' title='bbox 2614 1741 2716 1806; x_wconf 94' lang='lat' dir='ltr'>Ol.</span> <span class='ocrx_word' id='word_1_71' title='bbox 2745 1730 2928 1806; x_wconf 73' lang='lat' dir='ltr'><strong>‘XIII</strong></span> <span class='ocrx_word' id='word_1_72' title='bbox 2971 1743 3117 1823; x_wconf 84' lang='lat'>131,</span> <span class='ocrx_word' id='word_1_73' title='bbox 3213 1744 3229 1759; x_wconf 77' lang='lat'><em>⁶</em></span> 
     </span>
     <span class='ocr_line' id='line_1_10' title="bbox 860 1853 3120 1940; baseline -0.001 -18"><span class='ocrx_word' id='word_1_74' title='bbox 860 1855 1014 1922; x_wconf 82' lang='grc' dir='ltr'><strong><em>τόνδ’</em></strong></span> <span class='ocrx_word' id='word_1_75' title='bbox 1061 1857 1119 1921; x_wconf 80' lang='grc' dir='ltr'>ἐν</span> <span class='ocrx_word' id='word_1_76' title='bbox 1169 1857 1488 1938; x_wconf 77' lang='grc' dir='ltr'><strong><em>Οὐλύμπῳ</em></strong></span> <span class='ocrx_word' id='word_1_77' title='bbox 1533 1857 1764 1939; x_wconf 65' lang='grc' dir='ltr'><strong><em>φάτναι</em></strong></span> <span class='ocrx_word' id='word_1_78' title='bbox 1812 1858 1992 1932; x_wconf 71' lang='grc' dir='ltr'><strong><em>Ζηνὸς</em></strong></span> <span class='ocrx_word' id='word_1_79' title='bbox 2028 1858 2288 1938; x_wconf 83' lang='grc' dir='ltr'><strong><em>α’ρχαῖαι</em></strong></span> <span class='ocrx_word' id='word_1_80' title='bbox 2325 1856 2605 1922; x_wconf 82' lang='grc' dir='ltr'><strong><em>δέκονται.</em></strong></span> <span class='ocrx_word' id='word_1_81' title='bbox 2643 1853 2945 1921; x_wconf 79' lang='lat' dir='ltr'><strong>Fabulam</strong></span> <span class='ocrx_word' id='word_1_82' title='bbox 2972 1877 3120 1940; x_wconf 90' lang='lat' dir='ltr'>qua-</span> 
     </span>
     <span class='ocr_line' id='line_1_11' title="bbox 859 1968 3114 2057; baseline 0 -24"><span class='ocrx_word' id='word_1_83' title='bbox 859 1968 982 2035; x_wconf 88' lang='lat' dir='ltr'>lem</span> <span class='ocrx_word' id='word_1_84' title='bbox 1047 1969 1310 2036; x_wconf 83' lang='lat' dir='ltr'><strong>tradidit</strong></span> <span class='ocrx_word' id='word_1_85' title='bbox 1374 1969 1687 2036; x_wconf 81' lang='lat' dir='ltr'>Pindarus</span> <span class='ocrx_word' id='word_1_86' title='bbox 1750 1972 2054 2057; x_wconf 79' lang='lat' dir='ltr'>expressit</span> <span class='ocrx_word' id='word_1_87' title='bbox 2098 1970 2448 2057; x_wconf 86' lang='lat' dir='ltr'>Euripides.</span> <span class='ocrx_word' id='word_1_88' title='bbox 2498 1969 2705 2034; x_wconf 88' lang='lat' dir='ltr'>Schol.</span> <span class='ocrx_word' id='word_1_89' title='bbox 2755 1968 2900 2034; x_wconf 90' lang='lat' dir='ltr'>Pac.</span> <span class='ocrx_word' id='word_1_90' title='bbox 2952 1972 3114 2035; x_wconf 83' lang='lat'>147:</span> 
     </span>
     <span class='ocr_line' id='line_1_12' title="bbox 862 2076 3118 2172; baseline -0.002 -20"><span class='ocrx_word' id='word_1_91' title='bbox 862 2086 1077 2159; x_wconf 78' lang='grc' dir='ltr'><strong><em>ἐκεῖνος</em></strong></span> <span class='ocrx_word' id='word_1_92' title='bbox 1127 2085 1506 2172; x_wconf 80' lang='lat' dir='ltr'>(Euripides)</span> <span class='ocrx_word' id='word_1_93' title='bbox 1555 2085 1758 2168; x_wconf 76' lang='grc' dir='ltr'><strong><em>δρὲἱμα</em></strong></span> <span class='ocrx_word' id='word_1_94' title='bbox 1805 2085 2039 2158; x_wconf 73' lang='grc' dir='ltr'><strong><em>ἐποίησε</em></strong></span> <span class='ocrx_word' id='word_1_95' title='bbox 2080 2086 2177 2150; x_wconf 79' lang='grc' dir='ltr'>τὸν</span> <span class='ocrx_word' id='word_1_96' title='bbox 2221 2085 2687 2165; x_wconf 75' lang='grc' dir='ltr'><strong><em>Βελλεροφόντην</em></strong></span> <span class='ocrx_word' id='word_1_97' title='bbox 2733 2085 2792 2149; x_wconf 82' lang='grc' dir='ltr'>έν</span> <span class='ocrx_word' id='word_1_98' title='bbox 2838 2076 2881 2164; x_wconf 78' lang='grc' dir='ltr'><strong><em>ᾧ</em></strong></span> <span class='ocrx_word' id='word_1_99' title='bbox 2919 2084 3118 2164; x_wconf 76' lang='grc' dir='ltr'><strong><em>χωλὸν</em></strong></span> 
     </span>
     <span class='ocr_line' id='line_1_13' title="bbox 858 2181 3117 2277; baseline -0.001 -13"><span class='ocrx_word' id='word_1_100' title='bbox 858 2197 1180 2277; x_wconf 73' lang='grc' dir='ltr'><strong><em>εἰσήγαγεν</em></strong></span> <span class='ocrx_word' id='word_1_101' title='bbox 1227 2200 1405 2264; x_wconf 77' lang='grc' dir='ltr'><strong><em>αὑτὸν</em></strong></span> <span class='ocrx_word' id='word_1_102' title='bbox 1451 2199 1548 2264; x_wconf 74' lang='grc' dir='ltr'><strong><em>δια</em></strong></span> <span class='ocrx_word' id='word_1_103' title='bbox 1594 2200 1660 2264; x_wconf 83' lang='grc' dir='ltr'>τὸ</span> <span class='ocrx_word' id='word_1_104' title='bbox 1708 2198 2080 2264; x_wconf 75' lang='grc' dir='ltr'><strong><em>πεπτωκέναι</em></strong></span> <span class='ocrx_word' id='word_1_105' title='bbox 2124 2198 2244 2263; x_wconf 68' lang='grc' dir='ltr'>ἀπὸ</span> <span class='ocrx_word' id='word_1_106' title='bbox 2290 2203 2390 2264; x_wconf 79' lang='grc' dir='ltr'>τοῦ</span> <span class='ocrx_word' id='word_1_107' title='bbox 2431 2196 2719 2276; x_wconf 71' lang='grc' dir='ltr'><strong><em>Πηγάσου</em></strong></span> <span class='ocrx_word' id='word_1_108' title='bbox 2764 2181 3117 2277; x_wconf 60' lang='grc' dir='ltr'><strong><em>βουλόρὶενον</em></strong></span> 
     </span>
     <span class='ocr_line' id='line_1_14' title="bbox 856 2313 1536 2394; baseline 0 -17"><span class='ocrx_word' id='word_1_109' title='bbox 856 2313 935 2385; x_wconf 76' lang='grc' dir='ltr'>εἷς</span> <span class='ocrx_word' id='word_1_110' title='bbox 982 2313 1208 2394; x_wconf 79' lang='grc' dir='ltr'><strong><em>οὐρανὸν</em></strong></span> <span class='ocrx_word' id='word_1_111' title='bbox 1252 2314 1536 2378; x_wconf 66' lang='grc' dir='ltr'><strong><em>ἀνελθεῖν.</em></strong></span> 
     </span>
    </p>

    <p class='ocr_par' dir='ltr' id='par_1_6' title="bbox 847 2406 3157 3770">
     <span class='ocr_line' id='line_1_15' title="bbox 947 2406 3117 2515; baseline -0 -21"><span class='ocrx_word' id='word_1_112' title='bbox 947 2427 1144 2494; x_wconf 88' lang='lat' dir='ltr'>Initio</span> <span class='ocrx_word' id='word_1_113' title='bbox 1213 2406 1532 2509; x_wconf 75' lang='lat' dir='ltr'>dramatiS,</span> <span class='ocrx_word' id='word_1_114' title='bbox 1595 2436 1671 2493; x_wconf 89' lang='lat' dir='ltr'>ut</span> <span class='ocrx_word' id='word_1_115' title='bbox 1727 2454 1760 2496; x_wconf 92' lang='lat' dir='ltr'>e</span> <span class='ocrx_word' id='word_1_116' title='bbox 1821 2429 2185 2515; x_wconf 80' lang='lat' dir='ltr'>fragmentis</span> <span class='ocrx_word' id='word_1_117' title='bbox 2248 2427 2453 2492; x_wconf 88' lang='lat' dir='ltr'>videre</span> <span class='ocrx_word' id='word_1_118' title='bbox 2519 2435 2632 2506; x_wconf 87' lang='lat' dir='ltr'>est,</span> <span class='ocrx_word' id='word_1_119' title='bbox 2696 2427 2890 2493; x_wconf 90' lang='lat' dir='ltr'>animi</span> <span class='ocrx_word' id='word_1_120' title='bbox 2935 2452 3117 2514; x_wconf 85' lang='lat' dir='ltr'>aeger</span> 
     </span>
     <span class='ocr_line' id='line_1_16' title="bbox 859 2542 3112 2631; baseline 0 -24"><span class='ocrx_word' id='word_1_121' title='bbox 859 2544 1269 2626; x_wconf 81' lang='lat' dir='ltr'>conqueritur</span> <span class='ocrx_word' id='word_1_122' title='bbox 1312 2542 1651 2631; x_wconf 85' lang='lat' dir='ltr'>proborum</span> <span class='ocrx_word' id='word_1_123' title='bbox 1699 2544 2016 2609; x_wconf 82' lang='lat' dir='ltr'>adversam</span> <span class='ocrx_word' id='word_1_124' title='bbox 2062 2544 2375 2608; x_wconf 78' lang='lat' dir='ltr'>fortunam</span> <span class='ocrx_word' id='word_1_125' title='bbox 2425 2549 2488 2607; x_wconf 88' lang='lat' dir='ltr'>et</span> <span class='ocrx_word' id='word_1_126' title='bbox 2535 2542 2844 2607; x_wconf 79' lang='lat' dir='ltr'>iniustum</span> <span class='ocrx_word' id='word_1_127' title='bbox 2891 2544 3112 2608; x_wconf 79' lang='lat' dir='ltr'>fatum.</span> 
     </span>
     <span class='ocr_line' id='line_1_17' title="bbox 856 2655 3116 2744; baseline 0 -22"><span class='ocrx_word' id='word_1_128' title='bbox 856 2656 935 2722; x_wconf 89' lang='lat' dir='ltr'>In</span> <span class='ocrx_word' id='word_1_129' title='bbox 983 2679 1056 2720; x_wconf 92' lang='lat' dir='ltr'>eo</span> <span class='ocrx_word' id='word_1_130' title='bbox 1102 2656 1311 2721; x_wconf 83' lang='lat' dir='ltr'>differt</span> <span class='ocrx_word' id='word_1_131' title='bbox 1357 2656 1742 2744; x_wconf 88' lang='lat' dir='ltr'>Euripideus</span> <span class='ocrx_word' id='word_1_132' title='bbox 1789 2657 2206 2744; x_wconf 88' lang='lat' dir='ltr'>Bellerophon</span> <span class='ocrx_word' id='word_1_133' title='bbox 2247 2655 2325 2722; x_wconf 91' lang='lat' dir='ltr'>ab</span> <span class='ocrx_word' id='word_1_134' title='bbox 2361 2655 2696 2721; x_wconf 87' lang='lat' dir='ltr'>Homerico</span> <span class='ocrx_word' id='word_1_135' title='bbox 2741 2657 2852 2742; x_wconf 90' lang='lat' dir='ltr'>qui</span> <span class='ocrx_word' id='word_1_136' title='bbox 2905 2656 3116 2723; x_wconf 88' lang='lat' dir='ltr'>dolore</span> 
     </span>
     <span class='ocr_line' id='line_1_18' title="bbox 854 2769 3113 2857; baseline 0 -22"><span class='ocrx_word' id='word_1_137' title='bbox 854 2792 1184 2857; x_wconf 82' lang='lat' dir='ltr'>oppressus</span> <span class='ocrx_word' id='word_1_138' title='bbox 1245 2781 1381 2836; x_wconf 87' lang='lat' dir='ltr'>erat</span> <span class='ocrx_word' id='word_1_139' title='bbox 1427 2770 1507 2836; x_wconf 95' lang='lat' dir='ltr'>ob</span> <span class='ocrx_word' id='word_1_140' title='bbox 1555 2780 1820 2837; x_wconf 88' lang='lat' dir='ltr'>mortem</span> <span class='ocrx_word' id='word_1_141' title='bbox 1869 2771 2205 2837; x_wconf 89' lang='lat' dir='ltr'>liberorum</span> <span class='ocrx_word' id='word_1_142' title='bbox 2255 2774 2392 2852; x_wconf 80' lang='grc' dir='ltr'><strong><em>οὐχ,</em></strong></span> <span class='ocrx_word' id='word_1_143' title='bbox 2441 2773 2517 2845; x_wconf 77' lang='grc' dir='ltr'>ὦς</span> <span class='ocrx_word' id='word_1_144' title='bbox 2562 2769 2610 2837; x_wconf 81' lang='grc' dir='ltr'>οἱ</span> <span class='ocrx_word' id='word_1_145' title='bbox 2645 2772 2898 2853; x_wconf 80' lang='grc' dir='ltr'><strong><em>νεώτεροί</em></strong></span> <span class='ocrx_word' id='word_1_146' title='bbox 2936 2777 3113 2854; x_wconf 79' lang='grc' dir='ltr'><strong><em>φασι,</em></strong></span> 
     </span>
     <span class='ocr_line' id='line_1_19' title="bbox 855 2887 3113 2967; baseline 0 -16"><span class='ocrx_word' id='word_1_147' title='bbox 855 2887 1365 2966; x_wconf 73' lang='grc' dir='ltr'><strong><em>μελαγχολήσας,</em></strong></span> <span class='ocrx_word' id='word_1_148' title='bbox 1411 2887 1556 2952; x_wconf 68' lang='grc' dir='ltr'><strong><em>ἀλλ’</em></strong></span> <span class='ocrx_word' id='word_1_149' title='bbox 1604 2888 1957 2965; x_wconf 76' lang='grc' dir='ltr'><strong><em>ὀδυνώμενος</em></strong></span> <span class='ocrx_word' id='word_1_150' title='bbox 2002 2887 2102 2952; x_wconf 76' lang='grc' dir='ltr'>ἐπὶ</span> <span class='ocrx_word' id='word_1_151' title='bbox 2151 2896 2226 2967; x_wconf 71' lang='grc' dir='ltr'>τῇ</span> <span class='ocrx_word' id='word_1_152' title='bbox 2273 2891 2386 2951; x_wconf 79' lang='grc' dir='ltr'>τῶν</span> <span class='ocrx_word' id='word_1_153' title='bbox 2431 2887 2642 2951; x_wconf 72' lang='grc' dir='ltr'><strong><em>ἑαυτοῦ</em></strong></span> <span class='ocrx_word' id='word_1_154' title='bbox 2680 2887 2910 2952; x_wconf 71' lang='grc' dir='ltr'><strong><em>παίδων</em></strong></span> <span class='ocrx_word' id='word_1_155' title='bbox 2944 2888 3113 2951; x_wconf 73' lang='grc' dir='ltr'><strong><em>οἰκ-ω-</em></strong></span> 
     </span>
     <span class='ocr_line' id='line_1_20' title="bbox 851 2998 3112 3086; baseline 0 -22"><span class='ocrx_word' id='word_1_156' title='bbox 851 2999 1003 3082; x_wconf 76' lang='grc' dir='ltr'><strong><em>λεία,</em></strong></span> <span class='ocrx_word' id='word_1_157' title='bbox 1062 2998 1271 3065; x_wconf 81' lang='lat' dir='ltr'>Schol.</span> <span class='ocrx_word' id='word_1_158' title='bbox 1320 3001 1507 3066; x_wconf 90' lang='lat' dir='ltr'>Hom.</span> <span class='ocrx_word' id='word_1_159' title='bbox 1558 2999 1640 3065; x_wconf 91' lang='lat' dir='ltr'>Il.</span> <span class='ocrx_word' id='word_1_160' title='bbox 1690 2999 1787 3065; x_wconf 84' lang='lat' dir='ltr'>VI</span> <span class='ocrx_word' id='word_1_161' title='bbox 1839 3004 1986 3065; x_wconf 73' lang='lat'><strong>202.</strong></span> <span class='ocrx_word' id='word_1_162' title='bbox 2037 2999 2330 3065; x_wconf 81' lang='lat' dir='ltr'>Welcker</span> <span class='ocrx_word' id='word_1_163' title='bbox 2373 3022 2433 3086; x_wconf 91' lang='lat' dir='ltr'>p.</span> <span class='ocrx_word' id='word_1_164' title='bbox 2487 3001 2635 3065; x_wconf 85' lang='lat'><strong>791.</strong></span> <span class='ocrx_word' id='word_1_165' title='bbox 2685 2999 2947 3065; x_wconf 86' lang='lat' dir='ltr'>Nullius</span> <span class='ocrx_word' id='word_1_166' title='bbox 2992 3000 3112 3065; x_wconf 83' lang='lat' dir='ltr'>sibi</span> 
     </span>
     <span class='ocr_line' id='line_1_21' title="bbox 855 3113 3113 3195; baseline 0 -18"><span class='ocrx_word' id='word_1_167' title='bbox 855 3113 1139 3177; x_wconf 85' lang='lat' dir='ltr'>conscius</span> <span class='ocrx_word' id='word_1_168' title='bbox 1201 3113 1471 3195; x_wconf 79' lang='lat' dir='ltr'>sceleris,</span> <span class='ocrx_word' id='word_1_169' title='bbox 1531 3136 1816 3180; x_wconf 87' lang='lat' dir='ltr'>morosus</span> <span class='ocrx_word' id='word_1_170' title='bbox 1874 3122 1939 3178; x_wconf 92' lang='lat' dir='ltr'>et</span> <span class='ocrx_word' id='word_1_171' title='bbox 2001 3113 2509 3193; x_wconf 86' lang='lat' dir='ltr'>melancholicus,</span> <span class='ocrx_word' id='word_1_172' title='bbox 2571 3113 2825 3178; x_wconf 84' lang='lat' dir='ltr'>disserit</span> <span class='ocrx_word' id='word_1_173' title='bbox 2867 3113 2947 3178; x_wconf 87' lang='lat' dir='ltr'>de</span> <span class='ocrx_word' id='word_1_174' title='bbox 2990 3113 3113 3179; x_wconf 80' lang='lat' dir='ltr'>diis</span> 
     </span>
     <span class='ocr_line' id='line_1_22' title="bbox 857 3226 3157 3314; baseline 0.001 -24"><span class='ocrx_word' id='word_1_175' title='bbox 857 3226 966 3311; x_wconf 91' lang='lat' dir='ltr'>qui</span> <span class='ocrx_word' id='word_1_176' title='bbox 1017 3250 1110 3292; x_wconf 89' lang='lat' dir='ltr'>res</span> <span class='ocrx_word' id='word_1_177' title='bbox 1153 3227 1461 3293; x_wconf 85' lang='lat' dir='ltr'>humanas</span> <span class='ocrx_word' id='word_1_178' title='bbox 1497 3228 1846 3314; x_wconf 83' lang='lat' dir='ltr'>gubernare</span> <span class='ocrx_word' id='word_1_179' title='bbox 1893 3228 2215 3306; x_wconf 85' lang='lat' dir='ltr'>dicuntur,</span> <span class='ocrx_word' id='word_1_180' title='bbox 2256 3227 2330 3291; x_wconf 87' lang='lat' dir='ltr'>fr.</span> <span class='ocrx_word' id='word_1_181' title='bbox 2375 3230 2522 3307; x_wconf 79' lang='lat'>287,</span> <span class='ocrx_word' id='word_1_182' title='bbox 2566 3229 2714 3307; x_wconf 77' lang='lat'>288,</span> <span class='ocrx_word' id='word_1_183' title='bbox 2758 3231 2888 3292; x_wconf 69' lang='lat'>294</span> <span class='ocrx_word' id='word_1_184' title='bbox 2928 3229 3112 3293; x_wconf 87' lang='lat' dir='ltr'>cuius</span> <span class='ocrx_word' id='word_1_185' title='bbox 3149 3272 3157 3280; x_wconf 85' lang='lat'><strong>·</strong></span> 
     </span>
     <span class='ocr_line' id='line_1_23' title="bbox 854 3339 3116 3426; baseline 0.001 -23"><span class='ocrx_word' id='word_1_186' title='bbox 854 3347 1210 3426; x_wconf 84' lang='lat' dir='ltr'>postremus</span> <span class='ocrx_word' id='word_1_187' title='bbox 1293 3364 1508 3408; x_wconf 82' lang='lat' dir='ltr'>versus</span> <span class='ocrx_word' id='word_1_188' title='bbox 1595 3344 1644 3407; x_wconf 78' lang='grc' dir='ltr'>εἷ</span> <span class='ocrx_word' id='word_1_189' title='bbox 1730 3343 1844 3407; x_wconf 75' lang='grc' dir='ltr'><strong><em>θεοί</em></strong></span> <span class='ocrx_word' id='word_1_190' title='bbox 1899 3367 1958 3406; x_wconf 92' lang='grc' dir='ltr'>τι</span> <span class='ocrx_word' id='word_1_191' title='bbox 2024 3341 2221 3423; x_wconf 80' lang='grc' dir='ltr'><strong><em>δρῶσιν</em></strong></span> <span class='ocrx_word' id='word_1_192' title='bbox 2290 3342 2551 3422; x_wconf 76' lang='grc' dir='ltr'><strong><em>αἰσχρὸν,</em></strong></span> <span class='ocrx_word' id='word_1_193' title='bbox 2620 3343 2720 3407; x_wconf 81' lang='grc' dir='ltr'>οὐκ</span> <span class='ocrx_word' id='word_1_194' title='bbox 2791 3339 2937 3406; x_wconf 74' lang='grc' dir='ltr'><strong><em>εἰσὶν</em></strong></span> <span class='ocrx_word' id='word_1_195' title='bbox 3005 3341 3116 3407; x_wconf 75' lang='grc' dir='ltr'><strong><em>θεοί</em></strong></span> 
     </span>
     <span class='ocr_line' id='line_1_24' title="bbox 855 3452 3113 3540; baseline 0 -23"><span class='ocrx_word' id='word_1_196' title='bbox 855 3453 1132 3538; x_wconf 77' lang='lat' dir='ltr'>(fortasse</span> <span class='ocrx_word' id='word_1_197' title='bbox 1200 3476 1453 3540; x_wconf 89' lang='lat' dir='ltr'>quoque</span> <span class='ocrx_word' id='word_1_198' title='bbox 1526 3479 1610 3520; x_wconf 79' lang='lat' dir='ltr'>vs.</span> <span class='ocrx_word' id='word_1_199' title='bbox 1686 3459 1724 3520; x_wconf 88' lang='grc'>6</span> <span class='ocrx_word' id='word_1_200' title='bbox 1781 3456 1949 3521; x_wconf 78' lang='grc' dir='ltr'><strong><em>οὶλλοὶ</em></strong></span> <span class='ocrx_word' id='word_1_201' title='bbox 2009 3480 2094 3521; x_wconf 90' lang='grc' dir='ltr'>σοι</span> <span class='ocrx_word' id='word_1_202' title='bbox 2160 3452 2328 3530; x_wconf 78' lang='grc' dir='ltr'><strong><em>λέξαι</em></strong></span> <span class='ocrx_word' id='word_1_203' title='bbox 2376 3454 2562 3538; x_wconf 82' lang='grc' dir='ltr'>θέλω.)</span> <span class='ocrx_word' id='word_1_204' title='bbox 2609 3477 2645 3517; x_wconf 89' lang='lat' dir='ltr'>a</span> <span class='ocrx_word' id='word_1_205' title='bbox 2690 3453 3113 3540; x_wconf 86' lang='lat' dir='ltr'>praecedenti-</span> 
     </span>
     <span class='ocr_line' id='line_1_25' title="bbox 851 3565 3108 3653; baseline 0.002 -22"><span class='ocrx_word' id='word_1_206' title='bbox 851 3565 968 3631; x_wconf 91' lang='lat' dir='ltr'>bus</span> <span class='ocrx_word' id='word_1_207' title='bbox 1024 3567 1485 3653; x_wconf 86' lang='lat' dir='ltr'>disiungendus</span> <span class='ocrx_word' id='word_1_208' title='bbox 1545 3568 1815 3634; x_wconf 85' lang='lat' dir='ltr'>videtur.</span> <span class='ocrx_word' id='word_1_209' title='bbox 1881 3570 2060 3652; x_wconf 77' lang='lat' dir='ltr'>Quae</span> <span class='ocrx_word' id='word_1_210' title='bbox 2122 3572 2316 3636; x_wconf 86' lang='lat' dir='ltr'>fuerit</span> <span class='ocrx_word' id='word_1_211' title='bbox 2374 3571 2512 3634; x_wconf 88' lang='lat' dir='ltr'>eius</span> <span class='ocrx_word' id='word_1_212' title='bbox 2556 3570 2855 3634; x_wconf 87' lang='lat' dir='ltr'>tristitiae</span> <span class='ocrx_word' id='word_1_213' title='bbox 2900 3593 3108 3648; x_wconf 78' lang='lat' dir='ltr'>eausa,</span> 
     </span>
     <span class='ocr_line' id='line_1_26' title="bbox 847 3680 3105 3770; baseline 0.002 -26"><span class='ocrx_word' id='word_1_214' title='bbox 847 3702 927 3744; x_wconf 85' lang='lat' dir='ltr'>an</span> <span class='ocrx_word' id='word_1_215' title='bbox 988 3680 1327 3747; x_wconf 86' lang='lat' dir='ltr'>liberorum</span> <span class='ocrx_word' id='word_1_216' title='bbox 1399 3705 1583 3764; x_wconf 89' lang='lat' dir='ltr'>mors,</span> <span class='ocrx_word' id='word_1_217' title='bbox 1656 3691 1732 3748; x_wconf 89' lang='lat' dir='ltr'>ut</span> <span class='ocrx_word' id='word_1_218' title='bbox 1800 3684 1968 3770; x_wconf 88' lang='lat' dir='ltr'>apud</span> <span class='ocrx_word' id='word_1_219' title='bbox 2028 3685 2397 3763; x_wconf 87' lang='lat' dir='ltr'>Homerum,</span> <span class='ocrx_word' id='word_1_220' title='bbox 2460 3706 2493 3748; x_wconf 88' lang='lat' dir='ltr'>e</span> <span class='ocrx_word' id='word_1_221' title='bbox 2556 3683 2924 3769; x_wconf 83' lang='lat' dir='ltr'>fragmentis</span> <span class='ocrx_word' id='word_1_222' title='bbox 2981 3706 3105 3748; x_wconf 90' lang='lat' dir='ltr'>non</span> 
     </span>
    </p>
   </div>
   <div class='ocr_carea' id='block_1_6' title="bbox 852 3800 3108 3999">
    <p class='ocr_par' dir='ltr' id='par_1_7' title="bbox 852 3800 3108 3999">
     <span class='ocr_line' id='line_1_27' title="bbox 852 3800 1132 3858; baseline 0 -1"><span class='ocrx_word' id='word_1_223' title='bbox 852 3814 889 3857; x_wconf 89' lang='lat' dir='ltr'>a</span> <span class='ocrx_word' id='word_1_224' title='bbox 1016 3800 1132 3858; x_wconf 86' lang='lat' dir='ltr'>ret.</span> 
     </span>
     <span class='ocr_line' id='line_1_28' title="bbox 890 3815 3108 3999; baseline 0.004 -31"><span class='ocrx_word' id='word_1_225' title='bbox 890 3815 1103 3969; x_wconf 45' lang='lat' dir='ltr'>Pam</span> <span class='ocrx_word' id='word_1_226' title='bbox 1161 3915 1275 3987; x_wconf 84' lang='lat' dir='ltr'>est,</span> <span class='ocrx_word' id='word_1_227' title='bbox 1339 3907 1888 3997; x_wconf 85' lang='lat' dir='ltr'>Bellerophontem</span> <span class='ocrx_word' id='word_1_228' title='bbox 1948 3912 2129 3976; x_wconf 77' lang='lat' dir='ltr'>finxit</span> <span class='ocrx_word' id='word_1_229' title='bbox 2185 3910 2522 3999; x_wconf 88' lang='lat' dir='ltr'>Euripides</span> <span class='ocrx_word' id='word_1_230' title='bbox 2582 3933 2709 3976; x_wconf 87' lang='lat' dir='ltr'>non</span> <span class='ocrx_word' id='word_1_231' title='bbox 2755 3911 2941 3976; x_wconf 90' lang='lat' dir='ltr'>modo</span> <span class='ocrx_word' id='word_1_232' title='bbox 2985 3934 3108 3976; x_wconf 87' lang='lat' dir='ltr'>sor·</span> 
     </span>
    </p>
   </div>
   <div class='ocr_carea' id='block_1_7' title="bbox 842 4023 3106 4681">
    <p class='ocr_par' dir='ltr' id='par_1_8' title="bbox 842 4023 3106 4439">
     <span class='ocr_line' id='line_1_29' title="bbox 844 4023 3106 4110; baseline 0.003 -27"><span class='ocrx_word' id='word_1_233' title='bbox 844 4026 973 4083; x_wconf 86' lang='lat' dir='ltr'>tem</span> <span class='ocrx_word' id='word_1_234' title='bbox 1019 4041 1195 4085; x_wconf 89' lang='lat' dir='ltr'>suam</span> <span class='ocrx_word' id='word_1_235' title='bbox 1245 4045 1427 4107; x_wconf 85' lang='lat' dir='ltr'>aegre</span> <span class='ocrx_word' id='word_1_236' title='bbox 1474 4024 1774 4090; x_wconf 83' lang='lat' dir='ltr'>ferentem</span> <span class='ocrx_word' id='word_1_237' title='bbox 1826 4023 1936 4090; x_wconf 87' lang='lat' dir='ltr'>sed</span> <span class='ocrx_word' id='word_1_238' title='bbox 1983 4025 2216 4090; x_wconf 87' lang='lat' dir='ltr'>elatum</span> <span class='ocrx_word' id='word_1_239' title='bbox 2267 4027 2456 4089; x_wconf 88' lang='lat' dir='ltr'>etiam</span> <span class='ocrx_word' id='word_1_240' title='bbox 2503 4026 2762 4089; x_wconf 80' lang='lat' dir='ltr'>victoria</span> <span class='ocrx_word' id='word_1_241' title='bbox 2799 4047 2985 4110; x_wconf 81' lang='lat' dir='ltr'>quam</span> <span class='ocrx_word' id='word_1_242' title='bbox 3026 4023 3106 4089; x_wconf 84' lang='lat' dir='ltr'>de</span> 
     </span>
     <span class='ocr_line' id='line_1_30' title="bbox 844 4131 3105 4221; baseline 0.004 -26"><span class='ocrx_word' id='word_1_243' title='bbox 844 4131 1171 4199; x_wconf 86' lang='lat' dir='ltr'>Chimaera</span> <span class='ocrx_word' id='word_1_244' title='bbox 1230 4144 1677 4221; x_wconf 80' lang='lat' dir='ltr'>reportaverat.</span> <span class='ocrx_word' id='word_1_245' title='bbox 1744 4137 1948 4202; x_wconf 85' lang='lat' dir='ltr'>Schol.</span> <span class='ocrx_word' id='word_1_246' title='bbox 2013 4138 2095 4202; x_wconf 88' lang='lat' dir='ltr'>n.</span> <span class='ocrx_word' id='word_1_247' title='bbox 2159 4137 2254 4202; x_wconf 82' lang='lat' dir='ltr'>VI</span> <span class='ocrx_word' id='word_1_248' title='bbox 2318 4141 2477 4202; x_wconf 83' lang='lat'>155:</span> <span class='ocrx_word' id='word_1_249' title='bbox 2526 4139 2771 4217; x_wconf 71' lang='grc' dir='ltr'><strong><em>λέγεται</em></strong></span> <span class='ocrx_word' id='word_1_250' title='bbox 2817 4139 2882 4203; x_wconf 80' lang='grc' dir='ltr'>δὲ</span> <span class='ocrx_word' id='word_1_251' title='bbox 2911 4140 3105 4203; x_wconf 79' lang='grc' dir='ltr'><strong><em>αὑτὸν</em></strong></span> 
     </span>
     <span class='ocr_line' id='line_1_31' title="bbox 842 4245 3102 4333; baseline 0.003 -23"><span class='ocrx_word' id='word_1_252' title='bbox 842 4247 1167 4328; x_wconf 67' lang='grc' dir='ltr'><strong><em>ἐπαρθέντα</em></strong></span> <span class='ocrx_word' id='word_1_253' title='bbox 1228 4250 1330 4331; x_wconf 75' lang='grc' dir='ltr'>ἐφ’</span> <span class='ocrx_word' id='word_1_254' title='bbox 1394 4245 1473 4323; x_wconf 83' lang='grc' dir='ltr'>οἷς</span> <span class='ocrx_word' id='word_1_255' title='bbox 1499 4280 1505 4286; x_wconf 89' lang='grc'><em>·</em></span> <span class='ocrx_word' id='word_1_256' title='bbox 1533 4249 1750 4333; x_wconf 72' lang='grc' dir='ltr'><strong><em>ἔπραξε</em></strong></span> <span class='ocrx_word' id='word_1_257' title='bbox 1813 4253 2053 4325; x_wconf 76' lang='grc' dir='ltr'><strong><em>θελῆσαι</em></strong></span> <span class='ocrx_word' id='word_1_258' title='bbox 2098 4255 2260 4329; x_wconf 75' lang='grc' dir='ltr'><strong><em>μετὰ</em></strong></span> <span class='ocrx_word' id='word_1_259' title='bbox 2306 4257 2409 4317; x_wconf 84' lang='grc' dir='ltr'>τοῦ</span> <span class='ocrx_word' id='word_1_260' title='bbox 2453 4252 2744 4329; x_wconf 72' lang='grc' dir='ltr'><strong><em>Πηγάσου</em></strong></span> <span class='ocrx_word' id='word_1_261' title='bbox 2787 4253 2888 4316; x_wconf 82' lang='grc' dir='ltr'>τὸν</span> <span class='ocrx_word' id='word_1_262' title='bbox 2931 4253 3102 4333; x_wconf 78' lang='grc' dir='ltr'><strong><em>οὖρα-</em></strong></span> 
     </span>
     <span class='ocr_line' id='line_1_32' title="bbox 844 4362 1816 4439; baseline 0.004 -14"><span class='ocrx_word' id='word_1_263' title='bbox 844 4362 933 4425; x_wconf 75' lang='grc' dir='ltr'>νὲν</span> <span class='ocrx_word' id='word_1_264' title='bbox 977 4368 1403 4439; x_wconf 65' lang='grc' dir='ltr'><strong><em>κατοπτεῦσαι,</em></strong></span> <span class='ocrx_word' id='word_1_265' title='bbox 1453 4373 1516 4430; x_wconf 73' lang='lat' dir='ltr'>et</span> <span class='ocrx_word' id='word_1_266' title='bbox 1562 4368 1637 4430; x_wconf 82' lang='lat' dir='ltr'>fr.</span> <span class='ocrx_word' id='word_1_267' title='bbox 1688 4370 1816 4429; x_wconf 79' lang='lat'>295</span> 
     </span>
    </p>

    <p class='ocr_par' dir='ltr' id='par_1_9' title="bbox 842 4480 2650 4681">
     <span class='ocr_line' id='line_1_33' title="bbox 1236 4480 2650 4562; baseline 0 -20"><span class='ocrx_word' id='word_1_268' title='bbox 1236 4480 1383 4556; x_wconf 69' lang='grc' dir='ltr'><strong><em>τιμή</em></strong></span> <span class='ocrx_word' id='word_1_269' title='bbox 1431 4480 1709 4561; x_wconf 71' lang='grc' dir='ltr'><strong><em>σ’ἒταίρει</em></strong></span> <span class='ocrx_word' id='word_1_270' title='bbox 1753 4484 1868 4543; x_wconf 78' lang='grc' dir='ltr'>τῶν</span> <span class='ocrx_word' id='word_1_271' title='bbox 1914 4480 2107 4553; x_wconf 72' lang='grc' dir='ltr'><strong><em>πέλας</em></strong></span> <span class='ocrx_word' id='word_1_272' title='bbox 2151 4480 2357 4562; x_wconf 80' lang='grc' dir='ltr'><strong><em>μεῖζον</em></strong></span> <span class='ocrx_word' id='word_1_273' title='bbox 2401 4487 2650 4561; x_wconf 78' lang='grc' dir='ltr'><strong><em>Φρονεῒν,</em></strong></span> 
     </span>
     <span class='ocr_line' id='line_1_34' title="bbox 842 4585 2018 4681; baseline 0.007 -32"><span class='ocrx_word' id='word_1_274' title='bbox 842 4585 952 4651; x_wconf 88' lang='lat' dir='ltr'>ubi</span> <span class='ocrx_word' id='word_1_275' title='bbox 997 4611 1110 4675; x_wconf 85' lang='lat' dir='ltr'>pro</span> <span class='ocrx_word' id='word_1_276' title='bbox 1153 4591 1299 4668; x_wconf 68' lang='grc' dir='ltr'><strong><em>τιμή</em></strong></span> <span class='ocrx_word' id='word_1_277' title='bbox 1354 4592 1572 4658; x_wconf 81' lang='lat' dir='ltr'>malim</span> <span class='ocrx_word' id='word_1_278' title='bbox 1620 4595 1829 4681; x_wconf 81' lang='lat' dir='ltr'>legere</span> <span class='ocrx_word' id='word_1_279' title='bbox 1874 4594 2018 4668; x_wconf 73' lang='grc' dir='ltr'>νίκη.</span> 
     </span>
    </p>
   </div>
  </div>
 </body>
</html>
