3875 5634
1778 701 2010 746 nanas.
2847 690 2969 753 141

769 866 932 932 enim
1004 867 1223 933 doctae
1292 869 1419 933 siut
1489 867 1592 932 Ol.
1659 869 1829 947 93‚3,
1888 868 2071 932 initio
2135 870 2282 933 anni
2344 875 2505 948 4053
2560 871 2834 936 Bacchae
2880 882 3020 959 post

770 990 1032 1047 mortem
1097 981 1440 1068 Euripidis,
1504 983 1616 1066 qui
1673 982 1885 1046 eodem
1952 982 2140 1047 huius
2204 983 2574 1069 olympiadis
2629 1009 2793 1051 anuo
2840 988 3018 1067 obiit,

770 1118 898 1160 non
966 1096 1166 1181 igitur
1227 1104 1376 1161 ante
1440 1098 1664 1161 festum
1729 1095 2169 1181 Dionysiaeum
2234 1100 2379 1162 anni
2448 1104 2576 1164 405
2640 1101 2704 1165 in
2773 1125 3018 1168 scenam

771 1209 1160 1296 prodierunt.

773 1436 881 1505 Vs.
932 1430 1096 1500 357.
1170 1435 1446 1514 Κρατίνου
1491 1439 1593 1499 τοῦ
1637 1437 2038 1515 ταυροφάγου.

867 1550 1070 1614 Schol.
1135 1548 1350 1628 εἴρηται
1411 1549 1473 1612 δὲ
1536 1547 1696 1627 παρα
1757 1550 1822 1613 τὸ
1886 1548 2255 1628 Σοφοκλέους
2302 1552 2367 1615 ἐκ
2416 1558 2638 1632 Τυροῦς
2683 1603 2723 1631 ,‚
2752 1554 3025 1620 Διονύσου

775 1670 877 1730 τοῦ
926 1662 1363 1744 ταυροφάγου”.
1416 1659 1603 1739 Quod
1644 1668 1857 1725 tamen
1906 1685 2029 1726 non
2078 1662 2300 1748 probat
2342 1665 2820 1750 Aristophanem
2858 1667 3027 1732 hunc

775 1779 1092 1842 imitatum
1156 1799 1287 1840 esse
1346 1775 1576 1839 locum.
1627 1778 1721 1839 De
1767 1776 2284 1861 interpretatione
2333 1777 2459 1842 vid.
2509 1778 2711 1845 Kock.
2761 1804 2816 1844 a.
2869 1781 2929 1846 h.
2979 1781 3020 1847 l.

784 2003 889 2069 Vs.
938 1995 1105 2065 465.
1180 1996 1221 2064 ὦ
1269 1999 1512 2080 βδελυρὲ
1556 1999 1958 2078 κάναίσχυντε
2003 1997 2106 2064 καὶ
2152 2002 2407 2081 τολμηρὲ
2453 2001 2545 2066 σύ.

872 2116 973 2181 Ad
1033 2116 1204 2180 hunc
1264 2136 1510 2179 versum
1572 2113 1883 2199 pertinere
1945 2113 2135 2178 schol.
2186 2114 2369 2193 ven„
2419 2117 2588 2200 quod
2635 2117 2711 2181 ad
2763 2141 2848 2180 vs.
2898 2121 3024 2183 467

779 2232 1164 2316 adscriptum
1214 2236 1328 2308 est,
1379 2228 1662 2291 arbitrati
1715 2236 1860 2291 sunt
1910 2227 2196 2291 nonnulli
2250 2229 2654 2314 interpretes:
2702 2232 3025 2309 παραπλή·

780 2347 880 2411 σιοὶ
928 2348 1050 2410 ἐστι
1098 2344 1324 2414 τούτοις
1376 2343 1456 2406 τα
1503 2345 1559 2406 ἐν
1607 2344 1687 2420 τῷ
1735 2350 1926 2414 Θησεῖ
1971 2343 2056 2423 (in
2107 2343 2238 2406 eod.
2289 2345 2369 2407 τα
2418 2349 2526 2406 τῶν
2574 2345 2869 2431 Θησεῖαν)
2927 2368 3030 2408 πε-

785 2458 1076 2536 ποιημένα
1144 2458 1280 2537 παρ’
1357 2456 1664 2535 Εὐριπίδῃ.
1741 2456 1854 2519 ἐκεῖ
1924 2456 2040 2535 γαρ
2098 2463 2349 2528 τοιοῦτος
2398 2453 2464 2529 ἦν
2524 2458 2869 2538 σπουδαζων
2930 2458 3033 2524 καὶ

781 2578 1028 2637 τοιαῦτα
1074 2572 1235 2649 λέγει
1283 2571 1420 2650 προς
1460 2571 1556 2634 τον
1596 2572 1824 2633 Μίνωα.
1867 2569 2093 2653 Itaque
2131 2569 2358 2634 Nauck
2403 2570 2572 2634 hune
2598 2571 3038 2657 Aristophanis

783 2709 1030 2751 versum
1099 2684 1462 2769 fragmentis
1531 2682 1855 2768 Euripidis
1924 2683 2313 2759 adnumerat,
2386 2686 2458 2749 fr.
2542 2688 2691 2748 356.
2755 2684 3035 2749 Ribbeck

785 2802 939 2866 Ach.
988 2800 1154 2864 Anh.
1207 2823 1267 2885 p.
1320 2800 1479 2862 300:
1530 2797 1865 2874 „Theseus
1913 2797 2089 2861 hatte
2138 2798 2235 2863 ein
2288 2800 2515 2884 Disput
2556 2798 2673 2863 mit
2711 2799 2926 2865 Minos
2965 2800 3032 2865 in

785 2915 1139 2993 „welchem
1202 2936 1266 2977 er
1328 2910 1698 2976 Ausdriicke
1755 2910 2159 2995 gebrauchte,
2225 2914 2336 2976 wie
2388 2915 2630 2978 Aeacus
2676 2937 2874 2998 gegen
2920 2914 3037 2980 den

785 3027 1351 3108 „vermeintlichen
1426 3025 1781 3089 Heracleas-3³
1852 3023 2239 3089 Dubitanter
2308 3025 2520 3091 Kock:
2594 3028 2758 3105 „Sie
2832 3027 3041 3111 (verba

788 3141 1037 3220 „Aeaci
1103 3164 1189 3203 VS.
1240 3142 1391 3221 465)
1440 3139 1633 3202 sollen
1683 3160 1796 3201 aus
1844 3137 2180 3223 Euripides
2227 3138 2505 3203 Theseus
2553 3148 2855 3205 staminea
2908 3141 3040 3205 und

789 3258 1045 3336 „dieser
1107 3257 1225 3319 den
1292 3255 1545 3318 Minos?
1605 3277 1670 3318 so
1732 3253 2110 3335 angefahren
2175 3253 2438 3318 haben.''
2490 3253 2762 3318 Dindorf
2802 3277 2925 3320 non
2974 3257 3039 3320 in

791 3372 1280 3456 fragmentorum
1330 3390 1661 3432 numerum
1709 3369 1965 3452 recepit.
2015 3366 2226 3445 Recte,
2276 3390 2417 3431 cum
2463 3367 2562 3431 hic
2605 3368 3044 3454 Aristophanis

792 3507 1004 3548 versus
1051 3506 1192 3547 cum
1238 3481 1477 3545 Theseo
1524 3481 1775 3545 omnino
1821 3480 1986 3544 nihil
2035 3503 2363 3545 commune
2410 3480 2657 3546 habeat.

880 3597 943 3661 Si
1007 3596 1173 3661 enim
1235 3597 1368 3681 ipsa
1417 3594 1783 3680 inspicimus
1831 3593 2036 3674 verba,
2087 3595 2248 3659 nihil
2297 3603 2390 3659 est
2441 3595 2608 3679 quod
2659 3595 2734 3659 de
2784 3595 3041 3681 parodia

795 3711 1172 3794 cogitemus3
1222 3708 1500 3788 βδελυρός
1548 3708 1893 3772 convicium
1943 3717 2037 3771 est
2082 3731 2118 3770 a
2164 3708 2399 3789 tragico
2446 3732 2724 3773 sermone
2772 3709 3047 3774 alienum

792 3846 997 3908 neque
1044 3822 1212 3907 quod
1261 3822 1449 3886 sciam
1499 3844 1761 3905 usquam
1803 3821 1864 3884 in
1908 3822 2227 3904 tragoedia
2269 3824 2597 3907 reperitur.
2626 3824 2884 3907 Saepius
2910 3846 3050 3888 con·

793 3944 891 4000 tra
938 3936 1204 4001 recurrit
1251 3935 1315 3998 in
1366 3937 1497 4013 Ar„
1550 3943 1622 3998 ut
1669 3935 1782 4017 Eq.
1836 3937 1985 4013 304,
2037 3933 2207 3998 Plut.
2265 3938 2453 3998 1069.
2504 3935 2916 4000 Conferamus
2960 3936 3050 4000 in-

793 4051 1010 4135 primis
1056 4048 1202 4113 Pac.
1260 4051 1419 4111 152:

1202 4158 1242 4224 ὦ
1290 4161 1533 4241 βδελυρὲ
1583 4161 1739 4243 (cod.
1791 4162 1985 4244 μιαρὲ)
2035 4160 2137 4225 καὶ
2184 4165 2439 4243 τολμηρὲ
2485 4163 2891 4243 κάναίσχυντε
2936 4165 3009 4228 σὺ

1200 4273 1304 4339 καὶ
1354 4276 1525 4355 μιαρὲ
1571 4274 1675 4339 καὶ
1725 4277 2040 4355 παμμίαρε
2079 4274 2177 4339 καὶ
2226 4277 2576 4356 μιαρώτατε.

794 4388 872 4452 ad
940 4410 1096 4474 quos
1155 4411 1368 4453 versus
1429 4387 1593 4452 idem
1658 4386 1872 4452 Schol.
1937 4387 2123 4467 Ven„
2173 4410 2554 4474 quamquam
2600 4389 2676 4454 de
2730 4389 2844 4455 boe
2890 4390 3054 4457 Mer-

794 4503 955 4567 curii
1005 4511 1069 4568 et
1115 4502 1378 4588 'stygaei
1431 4503 1751 4586 colloquio
1798 4502 2102 4587 disputat,
2142 4503 2308 4568 nihil
2344 4504 2421 4568 de
2460 4505 2808 4569 imitatione
2832 4505 3056 4573 Thesei
