3875 5634
1827 756 2115 818 nqmms.
2967 743 3047 805 29

851 927 1134 994 hostibus
1191 948 1399 1013 presso
1458 947 1645 1010 quam
1707 947 1882 991 servo
1928 925 2197 1010 fugitivo
2243 926 2454 1011 aptius
2500 933 2564 989 et
2610 924 2726 990 hoc
2770 925 2906 990 loco
2952 927 3095 992 ridi-

854 1041 1070 1107 culum
1138 1048 1252 1105 est.
1324 1038 1469 1104 Sine
1527 1037 1718 1104 dubio
1778 1038 1883 1104 hic
1931 1061 2182 1125 quoque
2228 1038 2676 1125 Aristophanes
2722 1040 2804 1104 τα
2848 1040 3097 1118 μεγάλα

854 1153 1026 1228 πάθη
1074 1151 1380 1234 ὑποπαίζει
1426 1160 1533 1227 τῆς
1576 1151 1922 1235 τραγῳδίας.
1975 1151 2155 1217 Idem
2204 1153 2368 1217 enim
2410 1174 2643 1231 servus,
2679 1154 2789 1238 qui
2827 1153 2950 1218 iam
2973 1177 3101 1219 ver-

854 1290 993 1333 sum
1040 1290 1115 1332 ex
1160 1266 1505 1354 Hippolyto
1551 1268 1939 1346 recitaverat,
1986 1267 2201 1352 paullo
2247 1275 2391 1354 post
2438 1267 2743 1331 exclamat
2792 1291 2878 1332 vs.
2929 1270 3049 1333 80:

1299 1380 1601 1462 κράτιστον
1647 1375 1741 1446 οὖν
1788 1382 1893 1461 νῷν
1937 1379 2281 1459 ἀποθανεῖν,
2330 1387 2395 1445 et
2439 1404 2528 1446 vs.
2581 1385 2700 1445 84:

1300 1480 1624 1574 βέλτιστον
1658 1497 1803 1572 ἡμῖν
1849 1488 2010 1572 αἷμα
2050 1494 2307 1576 ταύρειον
2353 1502 2517 1559 πιεῖν.

858 1610 1027 1694 quod
1068 1609 1323 1673 minime
1361 1608 1589 1695 trepidi
1629 1616 1725 1673 est
1758 1616 1821 1672 et
1857 1608 2071 1693 ignavi
2109 1608 2269 1672 servi
2307 1607 2414 1672 sed
2452 1608 2631 1673 fortis
2663 1609 2780 1673 viri
2806 1611 2915 1694 qui
2939 1610 3097 1674 mori

859 1746 983 1789 non
1029 1722 1387 1788 reformidet
1430 1721 1657 1807 cuique
1701 1743 2070 1808 persuasum
2117 1722 2200 1786 sit
2236 1728 2312 1786 ut
2349 1721 2837 1800 Andromachae,
2878 1720 3100 1787 Troad.

750 1868 755 1872 ·
863 1840 1012 1916 632,
1071 1843 1175 1903 τοῦ
1219 1835 1327 1917 ζῆν
1372 1836 1435 1901 δὲ
1480 1840 1707 1918 λυπρῶς
1752 1837 2013 1917 κρεῖσσόν
2055 1837 2179 1900 ἐστι
2227 1834 2574 1901 κατθανεῖν.
2624 1836 2888 1902 Accedit
2935 1838 3102 1921 quod

858 1975 946 2018 vs.
1011 1954 1097 2016 84
1157 1958 1315 2015 teste
1375 1949 1720 2016 Scholiasta
1783 1974 1816 2015 e
1861 1949 2202 2037 Sophoclis
2262 1949 2503 2015 Helena
2550 1951 2789 2035 petitus
2832 1958 2946 2029 est,
2993 1949 3104 2016 ubi

860 2066 1138 2152 legitur:

1258 2177 1390 2257 ἐμοὶ
1437 2178 1498 2243 δὲ
1544 2179 1766 2259 λῷστον
1812 2172 1973 2256 αἷμα
2018 2177 2277 2259 ταύρειον
2322 2185 2475 2243 πιεῖν

1263 2292 1367 2357 καὶ
1411 2293 1497 2370 μη
1545 2317 1618 2371 γε
1661 2292 1839 2356 πλείω
1886 2293 2055 2356 τῶνδ’
2096 2290 2256 2372 ἔχειν
2304 2291 2674 2373 δυσφημίας.

951 2406 1144 2472 Dind.
1195 2406 1281 2484 μη
1331 2430 1385 2470 τι
1430 2406 1662 2479 πλείους
1706 2406 1807 2471 vel
1855 2408 2002 2484 μήτι
2049 2406 2229 2471 πλείω
2267 2443 2359 2455 -
2391 2406 2739 2486 δυσφημίαν
2775 2406 2838 2470 in
2867 2407 3104 2471 Annot.

861 2518 942 2584 ad
1006 2519 1206 2584 Schol.
1264 2542 1319 2583 a.
1366 2517 1428 2583 h.
1479 2519 1522 2584 l.
1570 2526 1635 2585 et
1677 2519 1751 2584 fr.
1800 2520 1950 2584 185.
1996 2568 2038 2598 „
2061 2518 2332 2584 Videtur
2377 2518 2456 2583 ad
2505 2518 2748 2592 Ἑλένης
2789 2518 3109 2593 ἀπαίτησιν

863 2632 1261 2699 referendum
1306 2631 1505 2698 esse.”
1550 2632 1798 2698 Nauck.
1846 2635 1920 2697 fr.
1975 2635 2123 2697 660.
2249 2660 2252 2663 ¹
2969 2628 2972 2631 ’

949 2744 1191 2812 Locum
1235 2748 1345 2812 Ar.
1391 2744 1610 2810 laudat
1653 2746 2018 2811 Athenaeus
2063 2744 2173 2810 III
2221 2767 2272 2810 c.
2325 2748 2429 2809 94.
2478 2744 2578 2809 Ibi
2626 2743 2941 2830 Oynulcus
3002 2745 3109 2817 Ul-

863 2861 1070 2947 piano,
1144 2860 1254 2944 qui
1321 2857 1398 2924 ob
1466 2859 1897 2924 soloecismum
1960 2881 2107 2925 eum
2166 2857 2670 2945 reprehenderat,
2735 2859 3096 2945 respondet:

867 2973 1100 3051 βέλτιον
1148 2973 1201 3038 δ’
1249 2968 1317 3047 ἦν
1364 2996 1462 3051 μοι

1554 3072 1561 3078 ’
1820 3081 1978 3164 αἷμα
2026 3086 2280 3168 ταύρειον
2325 3093 2493 3151 πιεῖν·

1292 3201 1320 3266 ὂ
1363 3199 1827 3277 Θεμιστοκλέους
1872 3200 1988 3281 γὰρ
2032 3198 2300 3273 θάνατος
2343 3200 2708 3282 αἱρετώτερος

957 3311 991 3386 ἢ
1058 3314 1138 3387 εἱς
1203 3311 1270 3378 σὲ
1322 3315 1615 3391 ἐμπεσεῖν.
1677 3312 1761 3377 Η.
1821 3314 1863 3378 l.
1928 3314 2387 3399 comparativus
2449 3312 2606 3378 bene
2663 3336 2727 3378 se
2771 3312 2977 3378 habet.
3028 3312 3110 3379 In

869 3425 1288 3511 Aristophane
1346 3434 1554 3492 tamen
1610 3428 1865 3506 rectius,
1929 3427 2170 3512 opinor,
2234 3449 2291 3490 v,
2356 3428 2567 3491 HerW.
2631 3434 2696 3491 et
2752 3424 3031 3492 Ribbeck
3086 3449 3120 3492 e

873 3537 1104 3603 Suidae
1140 3537 1274 3604 cod.
1316 3537 1654 3604 Oxoniensi
1700 3564 1749 3605 s.
1798 3562 1857 3604 v,
1905 3541 2045 3620 νῷνε
2092 3540 2479 3621 αἱρετώτατος
2523 3540 2956 3606 restituerunt.

877 3774 984 3840 Vs.
1038 3768 1175 3841 147
1220 3797 1352 3860 sqq.
1413 3775 1638 3840 Servus
1680 3774 1736 3840 B
1785 3773 2284 3861 (Demosthenes)
2333 3798 2440 3861 spe
2488 3775 2692 3841 elatus
2736 3776 2866 3841 fore
2912 3785 2988 3842 ut
3032 3777 3117 3843 al-

872 3889 1193 3976 lantopola
1252 3887 1501 3954 Cleonis
1558 3890 1998 3955 auctoritatem
2045 3896 2304 3968 evertat,
2351 3889 2691 3975 grandibus
2736 3913 2880 3956 eum
2925 3894 3117 3958 nomi·

873 4000 1062 4068 nibus
1105 4002 1417 4088 appellat:

1585 4116 1772 4199 σωτὴρ
1817 4125 1892 4192 τῆ
1931 4119 2096 4183 πόλει
2139 4116 2244 4182 καὶ
2294 4119 2399 4198 νῷν
2446 4117 2655 4199 Φανείς

1364 4237 1429 4293 et
1471 4250 1612 4294 mox
1664 4231 1787 4295 157
1813 4257 1828 4295 ε
2055 4226 2121 4299 ὦ,
2145 4230 2409 4312 μακάρι’,
2458 4227 2501 4295 ὦ
2545 4230 2801 4305 πλούσιε,

1366 4337 1409 4406 ὦ
1456 4346 1551 4406 νῦν
1597 4334 1707 4421 μὲν
1751 4342 1959 4423 οὐδεὶς,
2005 4342 2192 4426 αὔριον
2236 4344 2288 4409 δ’
2330 4344 2692 4425 ὑπέρμεγας·

1370 4450 1413 4519 ὦ
1456 4459 1569 4520 τῶν
1612 4454 1883 4531 Ἀθηνῶν
1927 4456 2086 4535 ταγὲ
2130 4461 2244 4522 τῶν
2288 4457 2662 4537 εὐδαιμόνων.

968 4563 1264 4632 Ostendit
1321 4568 1379 4633 ei
1424 4590 1749 4655 magnum-
1767 4569 2255 4636 Atheniensium
2301 4571 2639 4658 imperium
2684 4572 3120 4661 subiectasque
