3875 5634
1849 680 2086 725 mnan.
2921 664 3045 726 145

835 849 963 912 470
1032 855 1095 912 et
1157 848 1285 911 473
1349 846 1621 911 vidimus
1679 844 1866 909 hocce
1927 846 2359 911 testimonium
2424 847 2605 912 valde
2650 846 3085 913 labefactatur.

927 961 994 1025 Si
1063 962 1129 1025 in
1197 981 1447 1024 causam
1512 958 1731 1023 erroris
1795 957 2174 1044 inquirimus
2235 981 2362 1023 non
2424 959 2659 1023 frustra
2705 962 3082 1047 quaerimus,

839 1074 1278 1140 Grammaticis
1348 1071 1631 1137 fraudem
1703 1071 1853 1136 fecit
1923 1072 2247 1137 annotatio
2308 1073 2386 1137 ad
2447 1074 2596 1136 473.
2663 1073 3096 1159 Adscripserat
3153 1060 3157 1064 ’

840 1188 1062 1252 doctus
1122 1185 1348 1273 aliquis
1409 1185 1716 1271 interpres
1776 1182 2002 1248 Thesei
2066 1184 2249 1249 verba
2309 1184 2461 1266 κοὶρκ
2522 1210 2589 1249 τε
2648 1185 2797 1264 κτὲ.,
2846 1208 2973 1251 non
3022 1194 3095 1251 ut

839 1301 1159 1388 parodiam
1209 1299 1515 1364 indicaret
1561 1299 1669 1363 sed
1716 1305 1792 1363 ut
1837 1298 2049 1362 locum
2095 1297 2414 1363 Ranarum
2459 1299 2767 1364 consimili
2812 1300 3088 1365 illustra-

842 1424 958 1480 ret.
1022 1413 1298 1480 Nomine
1356 1414 1577 1479 Thesei
1638 1413 1807 1500 quod
1856 1412 2183 1476 addiderat
2227 1413 2295 1476 in
2342 1435 2606 1478 errorem
2657 1414 2902 1479 inducti
2948 1422 3099 1480 sunt

840 1530 969 1594 alii.
1034 1528 1213 1594 Idem
1272 1528 1425 1593 mihi
1490 1527 1741 1592 videtur
1801 1526 2093 1591 accidisse
2152 1525 2354 1592 Schol.
2411 1529 2602 1608 1478,
2652 1527 2762 1592 ubi
2809 1528 3092 1594 versibus

841 1643 1121 1729 Polyidi:
1171 1639 1293 1722 »ἐξ
1339 1640 1730 1707 Ἱππολύτου”
1779 1640 2168 1726 adscriptum
2213 1648 2324 1705 est.
2378 1641 2475 1707 Cf.
2525 1641 2604 1706 ad
2649 1665 2735 1706 VS.
2789 1645 2980 1707 1079.

938 1760 1048 1835 At,
1087 1778 1466 1841 quamquam
1504 1778 1631 1820 non
1672 1778 1704 1819 e
1742 1754 2004 1832 Theseo,
2045 1779 2077 1820 e
2112 1755 2433 1839 tragoedia
2456 1763 2665 1821 tamen
2691 1758 2889 1843 petita
2913 1766 3099 1823 sunt:

935 1873 1086 1936 470.
1135 1868 1585 1951 μελανοκάρδιος
1646 1868 1852 1949 πέτραι,
1917 1870 2042 1933 471
2094 1869 2377 1943 σκόπελος
2425 1870 2906 1949 αἱματοστκγής.
2960 1870 3098 1937 Vox

848 1988 1131 2059 σκόπελος
1188 1985 1254 2049 in
1304 1987 1411 2048 Ar.
1463 2007 1589 2048 non
1636 1983 1760 2048 nisi
1808 1982 1984 2048 Nub.
2037 1986 2164 2049 274
2210 1984 2503 2062 occurrit,
2551 1983 2662 2049 ubi
2708 1986 3103 2071 anapaestico

852 2108 1051 2164 metro
1113 2099 1381 2183 graviter
1443 2097 1728 2182 loquitur
1776 2098 2094 2177 Socrates;
2140 2098 2603 2176 αἱματοσταγής
2650 2099 2958 2184 tragicum
3008 2109 3103 2166 est

853 2222 929 2278 ut
986 2213 1112 2278 alia
1173 2211 1479 2278 eiusmodi
1541 2213 1879 2298 composita
1940 2212 2391 2292 αἱματορρόφος,
2441 2213 2882 2293 οιὶμοιτόρρυτος,
2929 2214 3103 2292 αἱμο-

853 2328 1089 2408 βοιφής,
1160 2335 1223 2390 et
1289 2327 1560 2391 occurrit
1631 2326 1850 2391 Aesch.
1924 2329 2146 2410 Agam.
2226 2328 2413 2399 1309,
2485 2328 2654 2411 Sept.
2735 2330 2897 2405 8365
2948 2327 3101 2393 Eur.

853 2441 1075 2528 Suppl.
1127 2445 1273 2522 812,
1321 2442 1394 2505 fr.
1447 2443 1595 2521 863,

945 2557 1096 2619 472.
1147 2561 1416 2620 Κωκυτοῦ
1454 2554 1784 2635 περίδρομοι
1824 2553 2009 2626 κύνες,
2049 2554 2123 2617 cf.
2166 2553 2385 2618 Aesch.
2426 2553 2707 2639 Choeph.
2754 2558 2886 2618 924
2908 2582 2924 2634 ;
2950 2555 3102 2621 Eur.

855 2667 954 2732 El.
1008 2670 1200 2731 1342.

944 2783 1094 2847 473.
1133 2778 1402 2861 ’Ἔχιδνα
1425 2829 1619 2846 .....
1662 2777 2069 2860 διασπαράξει,
2106 2782 2445 2859 πλευμόνων
2471 2782 2524 2845 τ’
2549 2782 2883 2863 ἀνθάψεται
2912 2833 3101 2849 .....

857 2896 935 2962 cf.
1004 2896 1155 2961 Eur.
1219 2895 1455 2961 Phoen.
1520 2899 1688 2960 1020
1749 2895 1860 2960 ubi
1908 2895 2153 2976 νέρτερος
2198 2892 2486 2976 ”Εχιδνκ,
2536 2905 2600 2961 et
2647 2897 2834 2984 Soph.
2884 2899 3104 2964 Trach.

858 3010 982 3073 778
1033 3011 1396 3090 σποιροιγμὸς
1437 3011 1621 3074 αὑτοῦ
1670 3009 2012 3086 πλευμόνων
2058 3009 2383 3088 ἀνθήψατο.

948 3126 1029 3187 47
1043 3126 1098 3186 5.
1164 3122 1436 3205 μύραιναι.
1498 3131 1650 3205 Μυρ.
1726 3130 1859 3187 erat
1921 3171 1964 3200 „
1984 3124 2326 3200 θαυμαστὸν
2394 3123 2685 3203 ἔδεσμοι”,
2754 3125 2908 3189 Ath.
2979 3124 3111 3191 VII

859 3258 911 3301 c.
988 3238 1090 3316 91,
1169 3236 1354 3322 piscis
1423 3260 1456 3300 e
1511 3244 1737 3321 genere
1798 3236 2246 3320 anguillarum.
2308 3234 2467 3301 Cum
2529 3246 2740 3303 autem
2799 3240 3113 3304 voracissi-

862 3373 1032 3415 mum
1097 3358 1258 3415 esset
1315 3351 1546 3415 animal
1605 3349 1793 3435 quod,
1856 3358 1930 3415 ut
1992 3349 2176 3415 Vedii
2241 3350 2545 3416 Pollionis
2608 3352 2869 3418 historia
2913 3355 3114 3434 docet,

860 3464 1134 3528 humana
1179 3486 1431 3549 quoque
1479 3487 1660 3529 carne
1708 3473 2082 3543 vesceretur,
2131 3465 2381 3530 videtur
2425 3465 2559 3531 eius
2604 3489 2828 3532 nomen
2869 3468 2936 3533 in
2973 3491 3112 3534 con-

861 3578 1094 3642 vicium
1163 3576 1385 3642 abiisse
1455 3585 1520 3641 et
1579 3576 1825 3658 ἔχιδνοιν
1885 3585 2000 3642 aut
2057 3577 2330 3664 viperam
2391 3578 2678 3645 valuisse.
2739 3581 2835 3647 Cf.
2888 3581 3113 3647 Aesch.

864 3690 1137 3778 Choeph.
1200 3695 1327 3756 994
1388 3700 1452 3757 et
1517 3694 1732 3757 comio.
1799 3716 1895 3779 ap.
1964 3692 2159 3757 Mein.
2223 3692 2315 3756 IV
2366 3716 2424 3779 p.
2475 3695 2595 3757 657
2650 3691 2690 3758 ὦ
2739 3696 2964 3776 προδότι
3012 3696 3116 3761 καὶ

864 3807 1187 3886 ποιροιγωγὲ
1246 3804 1348 3870 καὶ
1412 3806 1665 3887 μύροιινοι
1726 3807 1815 3871 σύ.
1881 3808 2033 3871 Hes.
2099 3807 2166 3871 in
2231 3830 2358 3871 voc.
2423 3806 2592 3887 μύρ.;
2640 3808 2738 3873 ἐπὶ
2788 3814 2889 3873 τοῦ
2934 3817 3117 3875 xxxo&

865 3919 1101 3997 ἐλέγετο
1148 3922 1221 3993 ὡς
1268 3918 1498 4000 ἔχιδναι.
1542 3919 1746 3984 Schol.
1788 3944 1843 3984 a.
1885 3921 1948 3985 h.
1991 3922 2034 3984 l.
2078 3920 2350 4000 udpxtvx·
2396 3922 2620 3998 δαίμων
2657 3922 2908 4004 φοβεροὶ,
2947 3924 3116 4007 quod

867 4056 942 4097 ex
987 4034 1101 4098 hoc
1146 4034 1281 4120 ipso
1332 4035 1768 4121 Aristophanis
1812 4035 1947 4099 loco
1996 4035 2264 4099 effecisse
2316 4034 2582 4099 videtur.
2631 4034 2727 4099 De
2767 4039 3116 4117 Txprnwix

866 4148 988 4212 vid.
1038 4147 1238 4213 Kock.
1289 4172 1343 4212 a.
1392 4149 1456 4212 h.
1509 4148 1574 4230 l.,
1622 4149 1734 4234 qui
1784 4172 1926 4214 cum
1972 4149 2263 4235 Berglero
2307 4150 2660 4235 suspicatur
2697 4150 2935 4215 nomini
2973 4149 3122 4216 Tar-

868 4262 989 4326 tari
1033 4262 1253 4327 ludere
1297 4271 1573 4355 poetam.

957 4376 1107 4441 477.
1174 4377 1448 4459 Γοργόνες
1512 4376 1831 4459 Τιόροὶσιοιι.
1885 4375 1979 4442 Cf.
2028 4376 2226 4442 Kock.
2277 4376 2399 4443 Pro
2446 4376 2749 4459 Τιόροὶσιαι
2792 4376 3114 4445 Hermann

870 4489 1224 4576 suspicatus
1296 4498 1391 4556 est
1446 4491 1811 4577 Euripidem
1870 4492 2189 4578 scripsisse
2253 4491 2639 4570 Λιβυστικαὶ,
2700 4514 2842 4558 cum
2914 4491 3124 4557 Schol.

2814 4604 2865 4646 ιο
