3875 5634
1836 781 2072 826 assae.
2902 764 3018 825 161

828 951 1244 1038 exposuimus,
1301 949 1641 1034 Descripsit
1685 949 1751 1013 in
1794 948 1912 1013 hoc
1952 946 2231 1013 dramate
2272 947 2604 1034 Euripides
2644 947 2893 1012 insidias
2915 970 3069 1033 quas

830 1065 948 1130 Ino
1008 1064 1242 1130 Phrixo
1300 1064 1552 1144 struxit,
1616 1085 1776 1148 quae
1837 1070 2048 1127 tamen
2099 1084 2274 1127 secus
2322 1070 2640 1126 cesserunt
2687 1062 2773 1125 ita
2820 1070 2892 1126 ut
2938 1061 3069 1147 ipsa

833 1179 952 1247 Ino
1014 1205 1049 1246 a
1111 1181 1333 1245 marito
1392 1178 1669 1244 necanda
1715 1176 1948 1243 Phrixo
1996 1178 2372 1242 traderetur.
2423 1176 2595 1259 Quid
2642 1177 2803 1241 inter
2850 1175 3077 1261 Sopho·

834 1295 1036 1360 oleum
1086 1302 1150 1359 et
1196 1293 1610 1379 Euripideum
1656 1292 1965 1358 Phrixum
2011 1291 2371 1357 interfuerit
2414 1292 2744 1356 nescimus,
2785 1290 2882 1356 Cf.
2922 1312 3071 1356 ann.

838 1407 917 1472 ad
964 1431 1050 1472 vs.
1103 1410 1294 1472 1206.

836 1632 945 1701 Vs.
998 1625 1206 1696 1232.
1282 1631 1487 1713 Πέλοψ
1532 1630 1558 1696 ὃ
1604 1630 1972 1705 Ταντάλειος
2018 1631 2141 1696 κτὲ.
2190 1629 2458 1696 Initium
2505 1630 2870 1717 Iphigeniae
2909 1629 3069 1696 Tau·

842 1771 1022 1813 ricae.

841 1974 952 2040 Vs.
1005 1966 1213 2037 1238.
1289 1971 1494 2045 Οἰνεύς
1543 1972 1675 2037 ποτ’
1725 1974 1791 2038 ἐκ
1837 1982 1954 2051 γῆς
1999 1971 2361 2053 πολύμετρον
2406 1972 2613 2052 λαβὼν
2657 1971 2892 2053 στάχυν

1288 2086 1427 2153 θύων
1471 2086 1782 2168 ἀπαρχάς.

934 2201 1035 2268 Fr.
1101 2205 1247 2266 520.
1316 2201 1522 2266 Schol.
1570 2200 1693 2266 ἔστι
1740 2199 1850 2280 μὲν
1897 2203 1963 2266 ἐκ
2008 2201 2358 2284 Μελεάγρου
2405 2203 2564 2282 μετὰ
2607 2203 2782 2268 item&
2824 2210 2934 2277 τῆς
2982 2206 3083 2284 ἆρ-

842 2325 984 2398 xic·
1033 2316 1065 2390 ἦ
1113 2316 1176 2381 δὲ
1219 2316 1381 2397 ἁρχὴ
1430 2321 1532 2380 τοῦ
1582 2314 1915 2396 &aduecto-5:
1971 2316 2253 2380 Καιλυδῶν
2300 2317 2410 2394 μὲν
2456 2314 2556 2389 ἥδε
2601 2325 2751 2396 γκῒκ
2786 2318 3081 2391 Πελοπίας

846 2429 1066 2511 χθονός.
1129 2430 1273 2516 Ipse
1331 2429 1665 2515 Euripides
1725 2430 1859 2494 sine
1922 2429 2117 2494 dubio
2181 2452 2436 2496 exorsus
2498 2439 2592 2495 est
2635 2429 2836 2496 verbis
2884 2433 3089 2505 Οἰνεὺς

846 2546 966 2610 κτὲ.
1017 2545 1104 2608 At
1148 2567 1379 2610 novum
1427 2545 1754 2610 exordium
1798 2545 1986 2609 finxit
2033 2546 2236 2609 minor
2281 2544 2613 2631 Euripides
2660 2546 2755 2611 vel
2803 2547 3088 2632 quisquis

846 2659 1038 2724 fuerit
1084 2659 1193 2743 qui
1240 2659 1566 2745 prologum
1615 2659 2047 2723 retractaverit
2094 2667 2158 2723 et
2201 2659 2585 2743 „aliquanto
2619 2668 2758 2746 post
2792 2660 3085 2725 demum'’

849 2795 1008 2858 quae
1069 2772 1255 2838 verba
1315 2780 1465 2837 sunt
1523 2770 1823 2837 Fritsohii
1868 2773 2017 2852 „ita
2062 2773 2189 2837 fere
2234 2773 2542 2859 perrexit:
2594 2769 2785 2847 Οὗτός
2831 2773 2961 2839 ποτ’
3021 2775 3086 2839 ἐκ

846 2896 1018 2966 „yffi-‚e
1069 2888 1198 2952 κτὲ.
1244 2887 1459 2952 Minus
1505 2887 1669 2951 enim
1715 2887 1982 2973 periculi
2028 2887 2096 2952 iu
2143 2888 2347 2952 medio
2393 2888 2669 2974 prolog0,
2720 2911 2906 2974 quam
2954 2889 3088 2975 ipso

851 3003 1042 3080 „eius
1099 3001 1285 3066 initio
1339 3024 1375 3064 a
1433 3002 1749 3068 minutula
1796 3002 1917 3066 olei
1965 3001 2243 3088 ampulla
2288 3003 2746 3089 impendebat.”
2794 3002 2886 3068 Cf.
2935 3027 3077 3070 ann.

850 3114 928 3179 ad
974 3138 1062 3179 vs,
1116 3117 1306 3179 1206.

855 3342 961 3408 Vs.
1015 3336 1224 3405 1244.
1297 3341 1459 3415 Ζεὺς,
1509 3343 1584 3414 ὡς
1631 3340 1910 3406 λέλεκται
1956 3350 2065 3416 τῆς
2112 3342 2390 3416 ἀληθείαις
2439 3339 2563 3408 ὕπο.

944 3455 1150 3521 Schol.
1198 3456 1599 3530 Μελανίππης
1645 3463 1752 3528 τῆς
1797 3460 1992 3536 σοφῆς
2038 3456 2070 3529 ἦ
2118 3456 2302 3536 ἀρχή.
2353 3456 2420 3520 Si
2463 3454 2876 3521 Plutarchum
2921 3456 3095 3521 audi-

855 3594 994 3636 mus
1055 3571 1170 3635 hoc
1227 3570 1496 3636 alterum
1559 3578 1652 3634 est
1714 3569 1907 3636 huius
1971 3569 2326 3654 tragoediae
2382 3571 2656 3634 initium.
2707 3570 2913 3634 Amat.
2956 3570 3088 3635 XII

857 3690 897 3749 4
956 3686 1224 3771 legimus
1284 3706 1359 3747 ex
1419 3683 1848 3749 emendatione
1910 3683 2172 3770 Sauppii
2237 3691 2303 3748 et
2355 3683 2678 3749 Fritschii:
2726 3683 2984 3757 ’Λκεύεις
3033 3686 3096 3751 δὲ

854 3799 1039 3874 δήπου
1080 3800 1178 3864 τὸν
1224 3798 1545 3880 Εὐριπίδην
1591 3800 1666 3870 ὥς
1709 3797 2019 3880 ἐθορυβήθη
2067 3797 2458 3875 ποιησάμενος
2504 3797 2699 3878 ἀρχὴν
2736 3806 2843 3871 τῆς
2884 3807 3096 3863 Μελαι-

855 3913 1071 3988 νίππης
1116 3913 1351 3986 ἐκείνης,
1400 3913 1603 3990 ,,Ζεὺς
1648 3910 1806 3986 ὅστις
1839 3913 1866 3977 o‘
1909 3911 2074 3984 Ζεὺς,
2114 3912 2178 3975 οὗ
2219 3912 2333 3991 γὰρ
2359 3907 2491 3977 οἶδα
2517 3912 2671 3985 πλὴν
2696 3912 2911 3992 Μ’γῳ·”
2938 3912 3099 3990 μετὰ

856 4026 917 4092 δὲ
977 4027 1181 4105 λαβὼν
1228 4029 1397 4107 χορὸν
1441 4027 1624 4091 ἄλλον
1649 4074 1847 4091 .....
1899 4023 2131 4100 ἤλλαξε
2177 4027 2274 4091 τὸν
2321 4028 2528 4106 στίχον
2574 4028 2647 4099 ὥς
2692 4033 2791 4091 νῦν
2829 4027 3099 4108 γέγρκπ·

856 4164 954 4205 ται
1000 4191 1040 4221 ,,
1061 4141 1202 4214 Ζεὺς
1265 4143 1340 4213 ὡς
1383 4140 1657 4206 λέλεκται
1701 4148 1809 4216 τῆς
1851 4140 2134 4215 ἅληθείκς
2180 4138 2351 4205 zm?
2401 4138 2518 4203 Sed
2566 4138 2841 4205 dubitari
2887 4149 3095 4226 potest

857 4276 1012 4319 num
1058 4276 1275 4319 verum
1321 4255 1565 4319 viderit.
1615 4252 1788 4334 Quid
1833 4255 2002 4319 enim
2048 4252 2246 4318 dicit?
2289 4254 2657 4340 Euripidem
2703 4252 3101 4341 Melanippae

856 4366 1260 4453 philosophae
1305 4366 1561 4431 initium
1609 4368 1866 4433 erasisse
1910 4376 1976 4432 et
2022 4367 2198 4433 aliud
2246 4365 2662 4433 substituisse.
2714 4366 2834 4432 Sed
2884 4368 3088 4434 obstat

858 4479 1033 4545 locus
1090 4478 1356 4545 Luciani
1415 4478 1551 4545 Jov.
1614 4488 1777 4567 trag.
1840 4484 1923 4545 41
1981 4503 2081 4567 ap.
2130 4479 2213 4545 N.
2262 4488 2327 4545 et
2372 4479 2474 4558 D„
2524 4480 2598 4546 fr.
2647 4483 2797 4561 433,
2847 4504 2920 4547 ex
2965 4504 3091 4567 quo

860 4599 1115 4679 apparet
1146 4592 1324 4658 illius
1359 4593 1745 4680 temporibus
1781 4593 1945 4660 illud
1970 4616 2095 4660 non
2118 4593 2400 4659 deletum
2425 4593 2532 4659 sed
2557 4594 2846 4660 omnibus
2874 4605 3093 4662 notum

2799 4710 2852 4749 ιι
