3875 5634
821 762 948 858 210
1667 812 2038 859 arrum-auu
2082 814 2157 859 11.

775 1000 1032 1043 caecum
1076 1000 1210 1043 non
1256 978 1399 1043 vult
1444 978 1758 1044 deserere:
1812 983 1986 1046 1684
2033 979 2178 1045 ἀλλ’
2237 981 2285 1046 εἰ
2330 980 2664 1059 γαμοίμην,
2712 981 2788 1046 σὺ
2835 982 2899 1047 δὲ
2937 983 3048 1061 μό-

781 1102 873 1151 νος
943 1078 1209 1158 Φεύγοις,
1273 1079 1498 1161 πατερς
1563 1083 1733 1145 1686
1793 1080 1901 1146 καὶ
1963 1082 2052 1155 τίς
2112 1105 2181 1146 σε
2225 1084 2460 1163 τυφλὸν
2504 1081 2647 1147 ὄντα
2698 1084 3046 1165 θεραπεύσει,

783 1177 972 1260 πάτερ
990 1207 1009 1260 3
1059 1178 1287 1265 Neque
1334 1204 1372 1245 a
1417 1183 1733 1268 proposito
1780 1182 2031 1248 desistit
2077 1182 2184 1269 pia
2221 1182 2372 1263 filia,
2414 1190 2596 1270 parat
2636 1182 2727 1249 ire
2751 1191 2818 1249 et
2840 1207 3047 1251 senem

779 1302 972 1346 manu
1011 1281 1209 1364 ducit,
1248 1305 1336 1346 νε.
1381 1284 1587 1348 172οε
1627 1284 1776 1367 τᾷδε
1811 1285 1958 1367 τᾷδε
1997 1283 2144 1362 βᾶθί
2177 1308 2299 1364 μοι,
2340 1286 2488 1367 τᾷδε
2533 1286 2681 1369 τᾷδε
2702 1287 2860 1354 πόδα
2884 1288 3037 1354 τίθει.

868 1380 992 1447 Sed
1036 1382 1224 1469 longe
1270 1384 1395 1449 alio
1442 1391 1680 1472 spectat
1726 1409 1813 1451 vs.
1868 1387 2037 1452 1657
2089 1408 2223 1474 sqq.
2272 1384 2424 1450 ubi:

1135 1486 1253 1564 ἐγώ
1298 1491 1424 1567 σφε
1472 1486 1641 1567 θάψω
1687 1486 1799 1553 κᾶν
1843 1486 2142 1568 ἀπεννέπῃ
2193 1486 2384 1561 πόλις.

776 1607 866 1652 νε.
920 1588 1114 1665 1659,
1162 1585 1274 1651 ubi
1320 1587 1580 1654 Creonti
1622 1596 1885 1654 mortem
1932 1589 2256 1671 minitanti
2304 1589 2673 1676 respondet:

1133 1690 1277 1753 ἀλλ’
1325 1689 1560 1763 εὐκλεές
1607 1714 1691 1755 τοι
1738 1688 1837 1756 δύο
1886 1691 2047 1771 ΦΙλω
2096 1693 2324 1756 κεῖσθαι
2372 1690 2586 1764 πέλας.

779 1794 843 1853 et
886 1789 1174 1876 inprimis
1227 1791 1303 1855 17
1314 1794 1436 1856 46:

864 1890 926 1956 ὃν
984 1890 1040 1957 εἴ
1092 1916 1175 1971 με
1231 1929 1323 1941 -
1375 1891 1648 1974 καλύψω,
1714 1915 1893 1978 quae,
1957 1892 2128 1979 quod
2176 1891 2524 1959 tenendum
2575 1898 2689 1973 est,
2737 1892 3043 1958 exclamat

778 2014 923 2057 cum
968 1993 1092 2059 iam
1138 1995 1206 2059 in
1252 2017 1327 2059 eo
1373 2003 1470 2060 est
1516 2002 1591 2059 ut
1635 2017 1779 2060 cum
1823 2003 2003 2082 patre
2051 1994 2337 2060 Athenas
2373 1995 2824 2081 proficiscatur.
2864 1993 3041 2060 Num

777 2093 907 2159 duo
965 2094 1119 2161 haec
1175 2096 1365 2161 simul
1410 2096 1700 2182 perficere
1746 2104 2023 2183 poterat:
2070 2104 2316 2184 patrem
2365 2095 2654 2161 Athenas
2700 2095 2931 2160 ducere
2976 2105 3042 2161 et

780 2193 948 2260 domi
994 2219 1240 2262 manere
1289 2205 1365 2263 ut
1409 2198 1659 2263 fratrem
1708 2198 2047 2284 sepeliret?
2092 2197 2242 2263 Non
2283 2198 2454 2283 fugit
2490 2196 2888 2263 scholiastam
2929 2196 3041 2261 du·

777 2297 1005 2383 plicem
1053 2298 1156 2364 hio
1201 2297 1454 2364 subesse
1498 2300 1938 2379 narrationem,
1988 2321 2130 2363 cum
2182 2299 2261 2365 ad
2309 2321 2397 2364 νε.
2452 2301 2622 2363 1692
2670 2304 3033 2363 annotaret:

782 2401 877 2463 Οὖ
924 2408 1093 2481 τηρεῖ
1129 2402 1195 2466 τὸ
1240 2399 1559 2483 σύμφωνον
1583 2449 1776 2465 .....
1825 2405 1950 2474 πῶς
1994 2400 2111 2481 γὰρ
2154 2398 2328 2480 θάψει
2369 2399 2402 2474 ἦ
2443 2398 2757 2478 Ἀντιγόνη
2797 2400 2896 2463 τὸν
2919 2407 3037 2465 Πο-

777 2499 1043 2575 λυνείκην
1109 2502 1265 2574 αὐτὴ
1335 2499 1773 2584 συμφεύγουσα
1832 2502 1914 2582 τῷ
1977 2500 2161 2583 πατρί
2167 2528 2188 2577 ;
2252 2498 2561 2580 πλεονάζει
2619 2500 2683 2565 δὲ
2725 2498 2911 2581 τούτῳ
2956 2501 3036 2581 τῷ

776 2598 919 2665 εἴδει
965 2602 1307 2683 Εὐριπίδης.
1358 2600 1452 2667 Cf.
1499 2603 1597 2669 ad.
1644 2625 1733 2668 νε.
1784 2602 1979 2667 1710.

865 2700 1014 2767 Non
1069 2709 1324 2783 temere,
1386 2704 1625 2791 opinor,
1670 2703 2012 2770 statuimus
2058 2703 2163 2768 hic
2209 2725 2408 2792 aeque
2454 2725 2528 2768 ac
2572 2701 2640 2766 in
2685 2699 3033 2767 Troadibus

774 2801 934 2869 duas
991 2802 1235 2870 fabulas
1293 2812 1615 2871 contextas
1658 2829 1809 2885 esse,
1857 2827 2126 2894 quarum
2175 2804 2374 2870 altera
2420 2804 2499 2869 de
2547 2803 2869 2888 Antigone
2912 2802 3029 2866 fra-

773 2908 935 2967 trem
981 2905 1331 2991 sepelienti,
1379 2907 1575 2972 altera
1620 2907 1699 2972 de
1744 2908 1879 2972 eius
1923 2905 2112 2971 exilio
2159 2892 2393 2991 ageret.

868 3005 934 3069 Si
981 3029 1124 3072 vera
1174 3015 1327 3074 sunt
1370 3030 1531 3097 quae
1576 3008 1915 3094 disputavi,
1963 3030 2001 3071 a
2047 3006 2409 3072 Phoenissis
2454 3003 2798 3092 separanda
2843 3011 3025 3071 sunt:

865 3105 920 3172 I.
967 3107 1372 3198 Colloquium
1433 3108 1719 3175 Creontis
1777 3117 1843 3174 et
1906 3110 2263 3194 Antigonae
2318 3129 2524 3195 usque
2568 3105 2648 3171 ad
2693 3128 2783 3172 νε.
2834 3108 3026 3185 1660,

773 3206 945 3295 quod
1005 3215 1212 3275 tamen
1272 3211 1457 3276 certis
1501 3207 2006 3275 circumscribere
2052 3207 2286 3274 finibus
2334 3207 2586 3274 difficile
2632 3213 2747 3271 est.
2797 3205 3024 3272 Omnia

773 3308 1030 3398 quidem
1090 3309 1248 3377 bene
1306 3310 1658 3398 procedunt
1701 3311 1754 3376 si
1800 3309 2186 3376 secludimus
2232 3332 2352 3375 νεε.
2405 3310 2869 3387 1639-1660,
2917 3308 3025 3373 sed

769 3410 956 3496 plura
999 3413 1260 3479 fortasse
1303 3414 1370 3478 in
1415 3413 1633 3479 vicinis
1677 3411 1932 3479 turbata
1978 3418 2153 3493 sunt,
2190 3433 2400 3499 neque
2439 3409 2518 3474 de
2540 3409 3026 3496 interpolatione

768 3512 877 3576 sed
936 3511 1015 3578 de
1065 3512 1315 3580 fabulae
1357 3515 1798 3580 retractatione
1842 3521 1937 3580 est
1981 3512 2407 3600 cogitandum.
2456 3512 2717 3577 Movent
2761 3533 2861 3576 me
2904 3534 3024 3576 vss.

770 3613 942 3678 1643
988 3637 1122 3705 sqq.

1122 3715 1276 3798 ἀτὰρ
1320 3715 1377 3780 τ’
1433 3718 1615 3798 ἐρωτῶ
1662 3718 1760 3783 τὸν
1805 3714 2012 3782 νεωστὶ
2060 3715 2331 3797 κοίρανον,

1117 3816 1180 3882 τί
1218 3817 1373 3883 τόνδ’
1424 3817 1591 3899 ὑβρίζ
1590 3842 1670 3891 εις
1717 3816 1924 3898 πατέρ’
1971 3817 2361 3883 ἀποστέλλων
2405 3814 2648 3896 χθονόςς

1114 3919 1179 3983 τί
1218 3921 1579 3997 θεσμοποιεῖς
1624 3917 1718 3984 ἐπὶ
1763 3919 2119 3999 ταλαιπώρῳ
2167 3918 2374 3998 νεκρῷς

845 4017 1022 4084 Duas
1081 4019 1381 4085 habemus
1439 4019 1959 4105 interrogationes
1970 4046 1988 4099 3
2050 4018 2129 4083 ad
2191 4016 2463 4103 priorem
2509 4037 2639 4081 non
2686 4014 3022 4100 respondet

753 4119 960 4186 Creon
1021 4129 1086 4185 et
1132 4120 1407 4207 spuriam
1445 4143 1579 4184 eam
1628 4120 2071 4185 existimarunt
2116 4116 2576 4183 Valckenarius
2623 4123 2689 4181 et
2732 4114 3017 4204 plerique

747 4221 1143 4308 interpretes.
1214 4219 1692 4302 Firnhaberum‚
1768 4220 1880 4309 qui
1951 4218 2371 4284 Valckenario
2434 4217 2731 4296 occurrit,
2799 4216 3017 4282 multis

754 4344 828 4386 ex
890 4321 1198 4410 Euripide
1254 4322 1531 4388 collectis
1589 4321 1886 4409 exemplis
1942 4320 2512 4407 interrogationum
2559 4318 2642 4384 ad
2686 4341 2843 4408 quas
2887 4339 3014 4383 non

749 4423 1220 4508 respondeatur,
1277 4424 1578 4490 refutavit
1639 4423 1815 4490 Geel.
1861 4446 1920 4489 a.
1969 4423 2032 4489 h.
2078 4422 2124 4488 l.
2173 4421 2403 4513 Neque
2442 4421 2711 4488 dubium
2754 4426 2851 4486 est
2893 4419 3016 4485 lec-

749 4523 989 4588 tionem
1040 4524 1325 4590 codicum
1367 4548 1496 4591 non
1539 4524 1618 4590 ab
1667 4525 1974 4612 Euripide
2017 4524 2362 4612 profectam
2415 4546 2565 4589 esss.
2619 4519 3012 4588 Probabilem

747 4645 895 4688 vero
955 4646 1205 4690 causam
1261 4625 1410 4692 talis
1466 4626 1972 4713 interpolationis
2037 4648 2246 4705 nemo,
2292 4624 2466 4714 quod
2510 4623 2721 4703 sciam,
2766 4621 3009 4687 attulit.
