3875 5634
848 744 888 805 2
1706 759 2172 806 semum.

886 927 1079 993 Ridet
1140 928 1593 1016 Aristophanes
1637 928 1925 1014 prologos
1969 927 2430 1011 tragoediarum
2473 925 2815 1012 Euripidis,
2862 948 3053 1010 quem

794 1041 952 1107 Bau.
1001 1046 1132 1108 946
1178 1043 1331 1108 facit
1380 1042 1735 1108 dicentem:
1832 1050 1837 1057 ⁴
1886 1044 1893 1055 “

992 1157 1136 1222 ἀλλ’
1184 1154 1383 1232 οὑξιὼν
1428 1157 1736 1238 aepn'trtcra
1783 1154 1897 1234 μέν
1945 1179 2045 1234 μοι
2091 1157 2159 1221 τὸ
2203 1155 2369 1234 γένος
2416 1150 2530 1220 εἶτ’
2578 1156 2652 1218 ἂν
2699 1155 2879 1229 εὐθὺς

962 1275 1094 1336 ,τοῦ
1138 1270 1464 1352 δράματος.

885 1382 1063 1450 Conf.
1112 1386 1402 1471 prologos
1449 1382 1773 1465 Hecubae,
1823 1383 2086 1465 Orestis,
2134 1382 2637 1462 Phoenissamm,
2677 1382 2867 1479 Herc.
2907 1383 3056 1461 fur„

798 1497 1099 1579 Helenae,
1147 1498 1340 1579 Ionis,
1387 1500 1698 1578 Electrae,
1744 1498 2155 1576 Baccharum,
2203 1497 2344 1583 Iph.
2384 1495 2572 1578 Taur,
2613 1497 2793 1561 Aeoli
2833 1497 2908 1562 fr.
2955 1499 3059 1575 14,

795 1613 1099 1699 Meleagri
1158 1613 1236 1679 fr.
1300 1616 1453 1695 519,
1515 1612 1733 1679 Phrixi
1800 1614 1875 1678 fr.
1943 1615 2092 1694 816,
2141 1619 2204 1676 et
2248 1612 2359 1696 qui
2406 1612 2472 1675 in
2521 1611 2678 1676 Ach.
2725 1633 2872 1697 prae
2919 1611 3060 1676 aliis

792 1726 1054 1807 ridetur,
1099 1726 1382 1814 Telephi,
1431 1727 1508 1792 fr.
1564 1729 1716 1793 697.

792 1951 899 2016 Vs.
957 1946 1115 2017 119.
1344 1949 1388 2018 ὦ
1432 1952 1837 2035 θερμόβουλον
1886 1955 2144 2033 πρωκτὸν
2189 1950 2514 2033 ἐξυρημένε.

882 2064 983 2131 Fr.
1026 2066 1183 2132 Eur.
1232 2070 1384 2132 852.
1434 2067 1642 2132 Schol.
1690 2068 1816 2132 ἔστι
1861 2068 1921 2133 ἐν
1967 2077 2040 2148 τῇ
2080 2067 2315 2149 Μηδείᾳ
2349 2066 2668 2148 Εὐριπίδου
2691 2062 2793 2143 ,,ὦ
2828 2065 3046 2148 θερμέ-

788 2180 999 2258 βουλον
1042 2180 1470 2261 σπλάγχνον.”
1499 2179 1660 2247 Cum
1707 2189 1922 2246 autem
1970 2182 2037 2246 in
2085 2180 2309 2245 Medea
2355 2180 2506 2245 haec
2551 2178 2736 2243 verba
2784 2202 2908 2244 non
2962 2179 3047 2243 le·

788 2303 1039 2377 gantur,
1102 2282 1457 2382 suspicatus
1520 2304 1615 2359 est
1674 2295 1956 2380 Elmsley
2020 2295 2439 2380 fragmentum
2503 2318 2633 2359 esse
2693 2293 3046 2373 Peliadum,

791 2409 855 2472 in
903 2428 1029 2494 quo
1073 2407 1353 2473 dramate
1394 2408 1658 2474 Medeae
1696 2417 1904 2495 partes
1945 2409 2223 2474 fuerunt.
2266 2407 2364 2474 Ab
2402 2408 2704 2495 Euripide
2744 2408 3048 2494 scriptum

787 2544 917 2585 esse
964 2518 1308 2603 ἑξευρημένε
1354 2523 1623 2588 coniecit
1672 2524 1750 2587 A.
1800 2522 2077 2588 Mueller
2121 2524 2186 2587 in
2237 2522 2333 2587 ed.
2385 2523 2541 2588 Aah.
2590 2521 2801 2587 Hann.
2855 2523 3046 2585 1813.

875 2633 1175 2720 Sequenti
1211 2658 1396 2701 versu
1435 2637 1726 2701 imitatur
1765 2645 1952 2722 poeta
1991 2636 2349 2703 Archilochi
2392 2634 2596 2714 verba,
2636 2634 2794 2720 ng.
2836 2635 2909 2700 fr.
2942 2638 3049 2714 91,

1251 2749 1475 2823 τοιήνδε
1521 2750 1597 2823 δ’,
1647 2745 1689 2813 ὦ
1738 2749 1977 2824 πίθηκε,
2027 2750 2135 2824 τὴν
2177 2750 2373 2830 πυγὴν
2416 2749 2591 2831 ἔχων.

786 2979 893 3045 Vs.
944 2974 1107 3046 203.
1284 2985 1402 3062 ἐγὼ
1448 2984 1511 3050 δὲ
1559 2981 1870 3064 Φεύξομοιί
1909 3010 1985 3064 γε
2028 2986 2161 3059 τοὺς
2210 2985 2567 3068 ’Λχοιρνέοις.

876 3097 1161 3162 Annotat
1200 3097 1510 3164 Mueller:
1549 3096 1897 3178 „Fortasse
1940 3100 2041 3165 hic
2078 3122 2291 3165 versus
2327 3100 2567 3165 alludit
2601 3100 2676 3164 ad
2719 3100 2794 3191 fr.
2834 3099 3043 3185 adesp.

787 3230 886 3295 ap.
938 3210 1172 3275 Athen.
1222 3209 1380 3275 XIV
1428 3216 1692 3298 p..658.

1248 3327 1391 3405 ,ἐγὼ
1438 3326 1504 3391 δὲ
1547 3324 1859 3407 medana}
1898 3329 1962 3406 γ’
2011 3327 2306 3410 ἐλεύθερος
2351 3329 2564 3407 Υὲἵῶς.

876 3436 1149 3503 Praeivit
1209 3437 1460 3519 Nauck,
1523 3439 1950 3506 coniecturam
2013 3441 2577 3527 Schweighaeuseri
2631 3438 2939 3521 Φεύξομοιί
2979 3441 3042 3520 γ’

786 3573 898 3638 pro
941 3548 1247 3632 Φεύξομοιι
1295 3552 1585 3638 probans,
1635 3554 1711 3618 fr.
1760 3553 1969 3640 adesp.
2025 3557 2142 3636 713
2191 3557 2257 3620 in
2297 3563 2605 3620 certarum
2646 3556 3041 3641 parodiarum

785 3686 1113 3730 numerum
1178 3667 1417 3753 recepit
1480 3665 1584 3731 W.
1651 3666 1956 3733 Ribbeck.
2021 3668 2141 3734 Die
2203 3670 2544 3750 Achai-ner,
2607 3669 2779 3757 Lips„
2851 3673 3043 3746 1864,

792 3800 850 3865 p.
902 3782 1028 3844 208
1078 3787 1142 3844 et
1189 3782 1339 3846 320.
1404 3779 1648 3846 Dubito
1696 3791 1905 3847 tamen
1953 3806 2106 3849 num
2152 3786 2286 3849 iure
2332 3784 2565 3849 fecerit.
2623 3783 2830 3849 Verba
2876 3775 3041 3849 enim

786 3894 900 3972 ἐγὼ
965 3894 1028 3959 δὲ
1085 3891 1388 3975 φεύξομαι
1445 3918 1558 3961 cur
1622 3896 2075 3983 Aristophanes
2120 3921 2194 3963 ex
2238 3897 2361 3962 alio
2403 3897 2680 3962 dramate
2724 3898 3047 3963 sumsisset

781 4007 962 4073 nulla
1011 4009 1274 4093 cogitari
1322 4016 1532 4097 potest
1572 4031 1780 4090 causa,
1830 4033 2034 4095 neque
2082 4010 2261 4075 facile
2306 4011 2448 4095 quis
2493 4009 2703 4075 eredat
2749 4018 2880 4074 tam
2928 4016 3045 4073 ste·

786 4121 920 4188 rilis
990 4122 1225 4207 ingenii
1297 4122 1489 4189 fuisse
1556 4130 1802 4209 poetam
1869 4131 1946 4188 ut
2004 4124 2059 4188 ei
2122 4146 2278 4210 opus
2338 4132 2499 4188 essct
2555 4124 2707 4189 talia
2767 4123 2845 4187 ab
2904 4122 3044 4187 aliis

786 4236 1084 4302 mutuari.

781 4440 886 4509 Vs.
939 4436 1078 4513 317
1130 4469 1265 4534 sqq.
1313 4446 1428 4515 κᾶν
1470 4473 1545 4529 γε
1583 4448 1672 4529 μὴ
1708 4447 1867 4529 λέγω
1904 4450 2124 4526 δίκαια,
2163 4450 2318 4530 μηδὲ
2353 4452 2434 4532 τῷ
2469 4449 2687 4525 πλήθει
2726 4451 2893 4525 δοκῶ,

1315 4562 1454 4644 ὑπὲρ
1490 4560 1763 4639 ἐπιξήνου
1798 4562 2036 4639 θελήσω
2075 4565 2182 4639 τὴν
2217 4565 2491 4647 κεφαλὴν
2529 4563 2684 4645 ἔχων
2724 4565 2937 4643 λέγειν.
