3875 5634
1598 709 2306 756 THESMOPHORIAZUSAE.
2908 698 3030 760 135

828 887 938 955 Vs.
994 881 1203 951 1130.
1269 895 1517 952 σκαιοῖσι
1564 887 1678 968 γάρ
1724 912 1810 953 τοι
1856 890 2034 953 καινοὶ
2079 892 2413 973 προσφέρων
2462 895 2627 975 σοφὲ

1277 1000 1477 1078 μάτην
1523 1000 1858 1074 ἀναλίσκοις
1903 1002 1998 1067 ἄν.

923 1116 1074 1180 Eur.
1121 1114 1290 1178 Med.
1342 1117 1505 1179 299:

1275 1235 1525 1292 σκαιοῖσι
1572 1228 1682 1305 μὲν
1731 1230 1846 1310 γὰρ
1894 1232 2071 1296 καινοὶ
2118 1234 2453 1315 προσφέρων
2497 1235 2664 1315 σοφοὶ

1275 1339 1454 1415 δόξεις
1501 1343 1735 1422 ἀχρεῖος
1782 1347 1883 1408 κού
1935 1349 2118 1425 σοφὸς
2166 1348 2510 1426 πεφυκέναι.

923 1457 1152 1521 Porsou
1218 1456 1296 1520 ad
1359 1456 1528 1520 Med.
1587 1459 1942 1543 suspicatur
1992 1461 2357 1547 Euripidem
2406 1465 2721 1549 scripsisse
2769 1466 2934 1544 σοφοὶ
2980 1465 3084 1529 sed

831 1581 1046 1660 postea
1110 1572 1605 1657 „Aristophanis
1670 1573 2149 1657 reprehensione
2214 1585 2571 1661 permotum
2633 1578 2799 1657 σοφὲ.
2862 1579 2927 1641 i11
2973 1578 3083 1651 ἔπη

832 1688 1227 1766 „mutasse”
1277 1686 1463 1768 Quod
1512 1694 1719 1750 tamen
1767 1710 1890 1752 nou
1940 1688 2265 1774 probabile
2310 1700 2425 1768 est,
2477 1714 2619 1754 eum
2660 1691 2918 1755 Medeae
2959 1715 3086 1755 ver·

832 1826 972 1866 sum
1021 1801 1276 1865 minime
1323 1810 1392 1863 ut
1445 1801 1922 1885 reprehenderet
1970 1803 2263 1867 attulerit
2312 1807 2444 1884 Ar„
2495 1806 2597 1868 sed
2647 1805 2795 1888 quia
2835 1805 2909 1868 ad
2950 1807 3084 1869 eius

833 1938 1014 1978 usum
1063 1914 1732 1978 accommodatissimus
1780 1924 1930 1980 erat.
1986 1916 2163 1980 Nihil
2219 1917 2419 1981 voluit
2467 1927 2649 2003 poeta
2695 1920 2813 1981 uisi
2852 1918 3090 1981 erudito-

833 2052 972 2093 rum
1020 2029 1256 2091 animos
1301 2027 1604 2091 delectare
1654 2028 1828 2092 scriis
1869 2051 2011 2092 cum
2057 2029 2339 2094 ridiculis
2377 2030 2728 2095 miscendis.
2769 2030 2863 2095 Cs.
2896 2032 3081 2095 Diud.

834 2144 911 2206 ad
966 2141 1132 2205 Med.
1186 2145 1332 2204 299.

926 2258 1164 2321 Similia
1217 2257 1509 2343 Sophocli
1557 2256 1954 2321 tribuuntur.
2012 2258 2158 2321 Ath.
2213 2259 2267 2321 X
2314 2282 2365 2322 c.
2406 2262 2513 2335 43,
2552 2282 2609 2343 p.
2652 2260 2803 2321 433.
2833 2257 2932 2321 Fr.
2964 2261 3087 2319 699.

837 2371 947 2452 N„
1004 2374 1127 2435 7022.
1180 2372 1256 2435 D.

1283 2474 1521 2551 διψῶντι
1569 2473 1683 2551 γάρ
1733 2497 1816 2536 τοι
1866 2473 2070 2537 πάντα
2119 2475 2454 2554 προσφέρων
2503 2475 2666 2551 σοφὲ

1285 2588 1384 2650 οὐκ
1430 2586 1502 2650 Ξιν
1551 2587 1725 2650 πλέον
1773 2586 2046 2666 τέρψειας
2095 2588 2182 2664 μὴ
2231 2597 2383 2651 πιεῖν
2431 2589 2633 2658 διδούς.

925 2701 1193 2766 Porson:
1257 2699 1290 2774 ἢ
1355 2701 1599 2778 ’μπιεῖν,
1665 2722 1850 2784 quem
1916 2703 2112 2765 secuti
2175 2710 2326 2765 suut
2388 2701 2472 2765 N.
2537 2711 2600 2764 et
2660 2701 2737 2764 D.
2790 2701 2963 2782 Quid
3010 2702 3092 2764 sit

841 2817 1067 2894 ἐμπιεῖν
1130 2815 1310 2879 docet
1371 2816 1478 2878 Ar.
1541 2813 1709 2878 Eccl.
1777 2817 1931 2877 142:
1982 2815 2078 2879 καὶ
2128 2816 2516 2894 λοιδοροῦνταί
2556 2817 2617 2893 γ’
2669 2815 2854 2897 ὥσπερ
2903 2817 3090 2892 ἐμπε-

840 2931 1118 3001 πωκότες.
1182 2928 1431 2993 Dicitur
1494 2929 1571 2992 (le
1631 2929 1706 2992 iis
1752 2929 1862 3012 qui
1908 2952 2031 2993 non
2081 2929 2262 2992 modo
2310 2930 2477 2993 sitim
2527 2929 2781 3015 explent
2827 2929 2932 2993 scd
2980 2929 3091 3012 qui

836 3046 1051 3109 vinum
1099 3050 1319 3130 potant
1372 3051 1439 3107 ut
1485 3067 1547 3107 se
1593 3043 1964 3122 exhilarent,
2014 3044 2154 3107 Pac.
2211 3046 2401 3119 1143,
2442 3043 2595 3108 Eur.
2640 3043 2808 3129 Cycl.
2853 3046 2981 3106 33ss
3024 3052 3088 3107 et

838 3182 997 3245 pass.
1047 3159 1113 3223 Si
1161 3160 1375 3242 igitur,
1424 3157 1593 3241 quod
1642 3164 1912 3221 testatur
1954 3157 2334 3234 AthenaeuS‚
2377 3156 2711 3242 Sophocles
2749 3157 2929 3220 hosce
2954 3180 3084 3220 ver-

837 3296 943 3338 sus
1001 3273 1265 3358 scripsit,
1328 3280 1492 3335 certe
1550 3272 1614 3334 in
1677 3271 1955 3334 dramate
2018 3272 2282 3355 satyrico
2331 3271 2599 3355 scripsit.
2647 3267 2885 3333 Verum
2932 3292 3087 3334 num

839 3386 1190 3452 audiendus
1248 3387 1332 3449 sit
1391 3385 1755 3449 Athenaeus
1819 3384 2218 3449 vehementer
2266 3383 2508 3448 dubito.
2558 3384 2759 3448 'santa
2805 3385 2969 3449 euim
3017 3386 3093 3449 iis

840 3512 932 3567 est
998 3525 1138 3567 cum
1203 3502 1338 3565 loco
1386 3501 1707 3587 Euripidis
1755 3500 2105 3565 similitudo
2152 3508 2228 3564 ut
2274 3523 2398 3564 non
2445 3500 2674 3585 possim
2724 3523 2846 3564 non
2895 3501 3091 3585 suspi-

840 3617 966 3680 cari
1032 3638 1255 3679 nomeu
1321 3614 1642 3699 Sophoclis
1706 3637 1908 3678 errore
1971 3622 2190 3678 natum
2253 3637 2383 3677 esse
2439 3636 2513 3678 ex
2561 3613 2830 3677 alieuius
2879 3613 3093 3677 comici

842 3738 1059 3815 poetae
1118 3730 1390 3805 nomine,
1456 3729 1563 3811 qui
1634 3729 1886 3814 parodia
1951 3729 2159 3792 locum
2208 3727 2467 3792 Medeae
2515 3729 2904 3813 expresserit.
2955 3728 3097 3791 For·

842 3852 1003 3907 tasse
1051 3843 1158 3905 ille
1209 3842 1394 3926 Soph.
1445 3842 1568 3904 fuit
1610 3841 1921 3927 Sophilus,
1966 3863 2150 3924 quem
2194 3841 2438 3925 saepius
2464 3843 2682 3905 citavit
2711 3842 3094 3905 Athenaeus.

933 3956 1130 4019 Simili
1180 3978 1382 4019 errore
1433 3955 1635 4018 Schol.
1687 3955 1841 4017 Rau.
1903 3958 2022 4017 100
2077 3956 2442 4026 Μελανίππη
2488 3956 2647 4033 σοφή
2689 3957 3093 4040 depravatum

840 4078 934 4133 cst
993 4070 1057 4133 in
1122 4069 1211 4132 M.
1274 4069 1660 4147 Σοφοκλέους.
1709 4067 1901 4132 Plura
1949 4068 2252 4133 eiusmodi
2301 4070 2579 4155 exempla
2653 4070 2906 4153 collegit
2954 4070 3104 4134 Moi-

846 4184 1006 4249 neke
1054 4184 1162 4248 Ill
1211 4208 1269 4270 p.
1324 4188 1470 4247 584.

844 4361 952 4425 Ys.
1009 4353 1216 4422 1215.
1282 4362 1451 4440 §prs-‚-
1499 4360 1560 4424 δέ
1606 4385 1662 4423 τι
1709 4360 1936 4437 συβι’ν·4’
1987 4361 2103 4424 στί·
2150 4360 2506 4437 καταβινῆσι
2555 4360 2687 4441 γάρ.

934 4476 1033 4540 Cf.
1081 4474 1158 4538 ad
1205 4498 1291 4537 vs».
1341 4478 1467 4536 455
1516 4481 1580 4537 et
1626 4476 1735 4539 Ar.
1785 4475 1856 4538 fr.
1908 4477 2058 4538 304.
