3875 5634
794 720 837 777 4
1641 731 2114 778 acmantum.

745 898 904 980 ἔχων
950 900 1092 977 ὑμῖν
1138 898 1332 977 λέγειν
1377 900 1664 965 coniecit.
1710 899 1913 965 Nulla
1958 922 2105 965 vero
2154 899 2454 964 correctio
2496 897 2573 962 ab
2617 898 2786 978 omni
2832 904 3010 983 parte

745 1012 1067 1078 satisfacit.
1127 1013 1276 1079 Non
1340 1014 1508 1079 enim
1568 1015 1959 1101 intelligitur
2021 1036 2216 1099 quare
2277 1013 2642 1100 pronomine
2702 1009 2823 1085 ὅδε,
2882 1031 3010 1096 quo

744 1126 993 1214 saepius
1056 1136 1264 1213 partes
1311 1129 1584 1214 corporis
1632 1130 1846 1194 miuus
1893 1127 2190 1193 honestas
2234 1125 2491 1207 indicat,
2536 1125 2638 1191 hic
2683 1124 2761 1190 de
2806 1124 3010 1212 capite

743 1241 1007 1327 loquens
1065 1264 1218 1308 usus
1276 1243 1361 1309 sit
1420 1251 1627 1330 poeta,
1692 1264 1921 1328 neque,
1969 1243 2024 1308 si
2073 1243 2171 1308 τὸν
2218 1239 2474 1324 λάρυγγ’
2519 1241 2804 1326 legimus,
2848 1263 3009 1326 quae

744 1354 1042 1441 Elmsleyi
1109 1356 1472 1422 coniectura
1542 1357 1912 1442 ceteroquin
1984 1359 2220 1443 optima
2279 1354 2546 1436 videtur,
2609 1357 3008 1443 perspicuum

746 1475 843 1534 est
901 1491 1027 1555 qua
1085 1469 1325 1536 ratione
1385 1470 1495 1545 τὴν
1539 1470 1817 1553 κεφαλὴν
1862 1470 1933 1535 in
1982 1479 2350 1535 contextum
2398 1470 2666 1556 irrepere
2709 1471 3008 1556 potuerit.

744 1582 1149 1663 Muellerum,
1195 1585 1308 1669 qui
1354 1607 1431 1649 ex
1478 1582 1822 1670 Hansingii
1865 1585 2233 1670 conjectura
2272 1584 2379 1656 τήν
2417 1607 2491 1662 γε
2531 1583 2805 1665 κεφαλὴν
2843 1586 3010 1664 σχὼν

745 1697 939 1775 λέγειν
999 1697 1218 1778 edidit,
1265 1708 1558 1786 rogatum
1602 1698 1744 1765 volo
1790 1699 1948 1785 quid
1994 1698 2112 1764 hoc
2157 1699 2294 1763 loco
2340 1695 2459 1762 sibi
2505 1697 2656 1762 velit
2701 1698 3010 1784 particula

744 1811 835 1890 γέ.
909 1809 1082 1892 Quid
1150 1814 1466 1901 scripserit
1529 1814 1987 1901 Aristophanes
2047 1836 2173 1878 non
2239 1811 2463 1897 liquet,
2527 1813 2682 1897 quid
2742 1813 3010 1879 voluerit

747 1924 1005 1991 minime
1066 1923 1398 1992 obscurum
1460 1936 1574 1992 est.
1626 1925 1708 1992 In
1753 1927 2082 2013 Euripidis
2124 1926 2446 2011 tragoedia
2491 1925 2797 2011 gloriatur
2839 1925 3009 1991 Tele-

739 2037 908 2125 phus
970 2062 1034 2103 se
1098 2061 1225 2105 non
1271 2040 1676 2106 reformidare
1725 2040 1934 2106 dicere
1980 2041 2150 2125 quod
2199 2039 2450 2121 sentiat,
2497 2062 2561 2103 se
2608 2062 2733 2104 non
2782 2040 3007 2104 tacitu-

739 2173 882 2216 rum
944 2175 1072 2217 esse
1132 2175 1214 2218 ne
1273 2153 1326 2218 si
1389 2160 1653 2219 mortem
1717 2154 1974 2240 quidem
2038 2151 2157 2218 sibi
2221 2154 2542 2217 intentent
2602 2153 2859 2217 inimici.
2924 2152 3004 2217 In

739 2265 1058 2330 comoedia
1104 2266 1257 2332 haec
1296 2267 1722 2333 immutantur
1761 2275 1839 2332 ut
1876 2269 2075 2333 risum
2114 2275 2405 2332 moveant
2442 2266 2839 2349 declaratque
2877 2268 3006 2352 ipse

741 2376 1133 2466 Dicaeopolis
1180 2403 1246 2445 se
1291 2381 1496 2467 capite
1542 2389 1772 2446 trunco
1811 2382 2111 2468 imposito
2155 2381 2319 2445 velle
2359 2380 2727 2445 concionari.
2770 2379 3005 2444 Verum

739 2492 792 2559 si
838 2495 1196 2577 quaerimus
1242 2496 1556 2579 quomodo
1604 2496 1757 2560 haec
1802 2494 2117 2560 sententia
2166 2517 2309 2559 cum
2361 2494 2754 2581 pmcedenti
2793 2494 3007 2559 cohae-

741 2613 898 2687 reat,
944 2607 1186 2692 gravior
1233 2609 1434 2674 oritur
1479 2609 1835 2674 difficultas.
1877 2608 2335 2694 Unusquisque
2372 2631 2458 2673 vs.
2503 2610 2630 2671 316
2668 2607 2916 2693 legens:

1063 2720 1174 2787 κᾶν
1220 2746 1297 2801 γε
1339 2723 1426 2802 μὴ
1473 2723 1632 2802 λέγω
1680 2724 1881 2789 δίκαια
1933 2724 2091 2802 μηδὲ
2137 2724 2218 2804 τῷ
2263 2721 2484 2796 πλήθει
2529 2723 2694 2795 δοκῶ,

738 2840 1082 2919 exspectat:
1147 2844 1274 2901 tum
1333 2838 1489 2902 vobis
1544 2838 1687 2903 licet
1750 2844 1935 2902 morte
1998 2860 2086 2902 me
2146 2837 2397 2921 afficere.
2454 2836 2573 2900 Sed
2628 2834 2806 2899 aliud
2849 2833 3005 2919 quid

736 2948 1056 3031 sequitur:
1142 2955 1268 3014 tum
1350 2951 1672 3015 orationem
1751 2952 1963 3015 habebo
2034 2948 2170 3030 ὑπὲρ
2239 2945 2523 3024 ἐπιξήνου.
2597 2947 2692 3012 De
2757 2946 3002 3012 duabus

684 3092 689 3101 ·
738 3060 937 3144 igitur
997 3060 1382 3127 orationibus
1441 3084 1644 3127 sermo
1707 3070 1822 3127 est.
1889 3063 2174 3128 Alteram
2239 3062 2450 3126 statim
2513 3060 2844 3126 habiturus
2889 3069 3003 3139 est,

737 3173 1000 3239 alteram
1062 3175 1385 3260 aliquanto
1447 3184 1592 3264 post
1650 3185 1718 3243 et
1762 3179 1973 3264 capite
2018 3178 2275 3263 quidem
2318 3184 2546 3241 trunco
2590 3176 2900 3262 imposito,
2950 3176 3003 3240 si
3072 3152 3080 3159 ⁹

738 3309 811 3352 ea
872 3310 1034 3374 quae
1095 3290 1161 3354 in
1212 3290 1489 3356 medium
1540 3292 1882 3377 protulerit
1929 3290 2326 3357 auditoribus
2365 3289 2817 3377 displicuerint.
2860 3288 3006 3354 Rib-

739 3399 894 3466 beck
955 3404 1166 3480 vertit,
1224 3425 1286 3490 p.
1339 3407 1466 3469 213
1512 3453 1554 3483 ‚,
1575 3406 1735 3491 Sage
1784 3405 1886 3470 ich
1936 3405 2350 3490 ungerechtes
2395 3403 2529 3468 und
2576 3403 2856 3488 gewinne
2899 3401 3004 3466 ich

745 3512 847 3578 die
886 3513 1202 3579 Mehrheit
1239 3516 1438 3598 nicht,
1478 3540 1546 3582 so
1584 3518 1712 3583 will
1750 3517 1857 3582 ich
1897 3517 2014 3582 auf
2044 3517 2186 3582 dem
2229 3514 2601 3581 Hackblock-
2636 3513 3007 3602 sprechen;”

744 3626 897 3691 haec
963 3637 1177 3693 autem
1248 3631 1740 3717 interpretatur:
1822 3631 1987 3712 „ich
2056 3632 2184 3696 will
2253 3631 2370 3696 auf
2431 3632 2571 3696 dem
2643 3628 3006 3694 Hackblock
3121 3623 3125 3626 ⁴

746 3739 1064 3825 sprechen‚
1112 3741 1311 3806 damit
1353 3743 1453 3808 ihr
1498 3745 1665 3810 mich
1712 3745 1932 3810 todten
1981 3745 2201 3826 houm,
2247 3745 2391 3810 falls
2430 3745 2527 3810 ich
2568 3767 2634 3809 u.
2676 3768 2722 3807 s.
2764 3745 2879 3807 w.”
2906 3744 3006 3808 Sic

747 3851 1181 3918 difficultatem
1241 3855 1435 3936 tollit,
1499 3856 1608 3921 sed
1670 3858 1977 3922 mutanda
2040 3858 2352 3923 sententia
2411 3859 2607 3943 magis
2666 3878 2855 3942 quam
2917 3857 3009 3921 in-

746 3965 1167 4050 terpretanda.
1232 3967 1438 4033 Aliter
1486 3967 1782 4048 Mueller,
1831 3971 2017 4034 cuius
2051 3967 2248 4034 verba
2291 3968 2666 4035 adscribam:
2714 4019 2754 4048 „
2774 3968 3009 4035 Versus

744 4078 933 4156 „317
983 4085 1049 4143 et
1094 4082 1244 4161 318,
1293 4082 1342 4145 si
1394 4090 1700 4147 commate
1748 4083 2232 4168 interpungitur
2278 4088 2418 4168 post
2463 4084 2607 4149 δοκῶ
2646 4083 2910 4169 planum
2937 4105 3008 4146 ac

745 4238 786 4268 ‚,
805 4191 1203 4278 perspicuum
1249 4217 1502 4260 sensum
1547 4217 1677 4262 non
1725 4195 2053 4283 praebent.
2097 4195 2424 4261 Sententia
2444 4202 2637 4262 esset:
2663 4246 2703 4277 ‚,
2721 4197 2785 4261 Si
2810 4198 3008 4262 oratio

749 4350 792 4381 „
809 4324 965 4384 mea,
1009 4328 1134 4390 qua
1172 4305 1552 4393 probaturus
1591 4331 1732 4374 sum
1754 4309 2067 4375 nonnulla
2091 4310 2159 4374 in
2182 4332 2250 4374 re
2271 4310 2461 4375 etiam
2481 4308 3000 4376 Lacedaemonios

752 4415 1105 4494 „iniuriam
1175 4422 1501 4507 accepisse,
1565 4421 1741 4488 vobis
1799 4420 2178 4509 displicebit,
2237 4427 2375 4487 tum
2425 4426 2629 4510 capite
2672 4424 2739 4489 in
2783 4431 3010 4490 trunco

750 4576 792 4607 ,‚
809 4529 1086 4595 lanionio
1130 4533 1330 4617 posito
1374 4532 1566 4599 verba
1608 4535 1895 4601 faciaml'
1947 4536 2189 4622 Aperte
2222 4536 2303 4601 de
2342 4535 2582 4624 duplici
2617 4539 2900 4603 oratioue
2923 4540 3012 4604 sic
3115 4602 3130 4612 ,
