3875 5634
1876 703 2111 749 nasas.
2263 774 2277 780 ‘
2500 713 2506 718 ·
2945 687 3071 751 178

872 868 949 934 ab
997 872 1108 935 Ar.
1158 870 1351 935 allata
1396 870 1650 935 fortasse
1694 876 1846 933 sunt
1884 869 2255 953 Hyrnethus
2292 868 2722 954 impendentia
2764 872 2923 937 mala
2947 895 3118 959 prae·

872 984 1190 1068 sagientis.
1253 983 1619 1068 Suspicatus
1679 990 1775 1047 est
1838 981 2120 1045 Fritsche
2181 982 2372 1046 etiam
2419 983 2858 1067 praecedentes
2902 1008 3116 1051 versus

872 1096 983 1180 qui
1044 1096 1124 1162 de
1183 1096 1421 1160 somnio
1479 1107 1670 1181 agant
1730 1119 1764 1160 e
1824 1093 2180 1159 Temenidis
2240 1095 2473 1180 petitos
2518 1118 2667 1160 esse.
2718 1096 2863 1162 Non
2910 1106 3120 1165 tamen

871 1208 1249 1274 verbotenus
1287 1208 1443 1274 citat
1490 1211 1622 1290 Ar„
1669 1231 1754 1272 vs,
1810 1210 1980 1273 1339
2031 1207 2198 1273 enim
2245 1209 2461 1294 epicus
2508 1217 2622 1287 est,
2673 1210 2750 1274 cf.
2789 1208 2909 1274 Od.
2952 1210 3121 1276 VIII

873 1325 1004 1386 426
1050 1321 1224 1404 ἀμφὶ
1265 1322 1423 1411 δέρὶ
1466 1322 1601 1404 πυρὶ
1648 1323 1885 1403 χαλκὸν
1935 1321 2152 1401 ἰήνατε,
2201 1322 2438 1403 θέρμετε
2484 1322 2537 1387 δ’
2586 1320 2745 1403 ὕδωρ.

965 1435 1066 1499 Ad
1115 1437 1285 1500 1340
1333 1434 1539 1500 Schol.
1587 1434 1691 1500 καὶ
1739 1438 1908 1500 τοῦτο
1955 1442 2234 1513 μιμεῖται
2281 1435 2308 1499 ὅ
2360 1434 2687 1515 Αἰσχύλος.

877 1660 988 1725 Vs,
1042 1652 1252 1723 1344.
1325 1658 1592 1741 Νύμφαι
1638 1660 1997 1740 ὀρεσσίγονοι.

970 1773 1174 1839 801101.
1223 1775 1290 1838 ἐκ
1334 1777 1448 1837 τῶν
1495 1777 1774 1855 Ξαντριῶν
1820 1773 2149 1853 Αἰσχύλου.
2199 1771 2467 1859 Legitur
2513 1773 2587 1838 fr.
2634 1777 2793 1840 170:
2837 1775 3125 1857 ὄρεσσιγό-

879 1912 1016 1955 νοισι
1085 1888 1383 1969 Νύμφαις
1452 1889 1574 1952 κτὲ.
1634 1890 1723 1951 At
1783 1909 1911 1952 non
1969 1910 2083 1952 sua
2146 1889 2252 1953 sed
2314 1887 2637 1975 Euripidis
2674 1889 2859 1954 verba
2906 1891 3129 1956 citasse

881 2002 1263 2089 Aeschylum
1309 2010 1528 2088 sponte
1576 2002 1994 2087 intellegitur.

971 2115 1067 2181 De
1123 2140 1210 2181 vs.
1257 2119 1425 2180 1348
1475 2116 1550 2180 cf.
1599 2140 1685 2180 vs,
1738 2118 1929 2180 1314.
1978 2114 2072 2180 De
2114 2138 2199 2180 vs.
2246 2117 2437 2180 1352.
2483 2117 2510 2181 ὁ
2556 2115 2610 2181 δ’
2655 2116 2947 2182 ἀνέπτατ’
2997 2117 3128 2182 ὦνέ-

883 2231 1071 2294 πτατ’
1118 2230 1241 2296 κτὲ.
1292 2229 1367 2293 cf.
1415 2253 1498 2294 vs.
1558 2232 1746 2295 1337.

889 2455 997 2521 Vs.
1052 2447 1259 2518 1356.
1329 2454 1529 2526 Ἀλλ’,
1579 2449 1618 2517 ὦ
1669 2461 1904 2529 Κρῆτες,
1956 2450 2128 2526 Ἴδας
2164 2452 2373 2535 τέκνα,

1331 2568 1413 2631 τα
1455 2565 1602 2641 τόξα
1646 2566 1937 2644 λαβόντες
1984 2565 2336 2644 ἐπαμύνατε
2386 2567 2510 2632 κτὲ.

980 2682 1185 2747 801101.
1247 2680 1369 2746 ἔστι
1423 2682 1484 2746 δὲ
1547 2682 1612 2746 ἐκ
1661 2685 1890 2763 Κρητῶν
1937 2681 2274 2761 Εὐριπίδου.
2323 2680 2420 2746 De
2469 2704 2593 2766 qua
2638 2681 2959 2768 tragoedia
3008 2704 3134 2748 non

889 2796 1167 2861 multum
1211 2795 1516 2860 novimus.
1567 2794 1774 2859 Schol.
1825 2797 1989 2859 849:
2038 2795 2096 2858 ἐν
2142 2794 2258 2875 γὰρ
2305 2802 2430 2868 τοῖς
2478 2794 2690 2876 Κρησὶν
2740 2792 2967 2878 Ἴκαρον
3014 2820 3127 2874 μο-

887 2910 1178 2991 νῳδοῦντα
1227 2909 1474 2983 ἐποίησε.
1526 2907 1722 2973 Poeta
1768 2907 2090 2973 historiam
2139 2907 2475 2993 Pasiphaes
2520 2916 2814 2975 tractasse
2862 2910 3131 2975 videtur.

888 3022 987 3089 Cf.
1033 3022 1305 3102 Nauck.,
1355 3023 1485 3107 qui,
1523 3024 1596 3087 fr.
1646 3025 1797 3101 474,
1845 3022 2118 3108 primum
2155 3029 2408 3086 tantum
2448 3044 2692 3087 versum
2733 3021 3137 3087 Cretensibus

888 3135 1224 3201 adiudicat.
1288 3137 1679 3221 Argumenta
1725 3158 1852 3199 non
1897 3133 2165 3199 addidit.
2215 3133 2544 3200 Crederem
2593 3136 2883 3220 equidem
2924 3158 3140 3202 verum

894 3272 1039 3315 eum
1085 3250 1310 3328 dicere,
1357 3250 1409 3315 si
1456 3256 1764 3314 constaret
1812 3247 1997 3313 verba
2041 3249 2185 3313 ἀλλ’
2231 3249 2354 3313 κτὲ.
2406 3271 2481 3312 ex
2524 3248 2685 3313 Icari
2723 3249 3015 3314 monodia
3039 3249 3140 3314 de·

896 3373 1105 3429 sumta
1175 3387 1326 3446 esse,
1390 3388 1427 3428 a
1485 3387 1610 3449 quo
1672 3366 1947 3429 alienum
2014 3371 2147 3428 erat
2210 3362 2539 3430 Cretenses
2599 3364 2665 3428 in
2713 3387 2881 3429 arma
2929 3386 3142 3429 vocare

896 3478 1190 3545 adversus
1239 3502 1443 3565 regem
1491 3480 1792 3545 Minoem.
1841 3480 1929 3542 At
1973 3479 2088 3542 hoc
2135 3478 2393 3543 minime
2441 3486 2703 3545 constat.

895 3702 1004 3770 Vs.
1058 3697 1267 3769 1382.
1338 3703 1433 3769 εἴθ’
1481 3705 1666 3786 ὤφελ’
1714 3704 1835 3769 κτὲ.
1887 3703 2048 3768 Eur.
2099 3702 2269 3768 Med.
2328 3706 2387 3769 1.

897 3928 1002 3994 Vs.
1061 3922 1267 3993 1383.
1340 3929 1627 4008 Σπερχειὲ
1672 3926 1910 4003 ποταμὲ
1958 3926 2235 4004 βούνομοί
2269 3928 2325 3989 τ’
2373 3927 2738 4007 ἐπιστροφαί.

990 4042 1193 4108 801101.
1242 4041 1363 4106 ἔστι
1410 4042 1472 4105 δὲ
1517 4043 1581 4106 ἐκ
1631 4044 1991 4112 Φιλοκτήτου
2037 4040 2372 4120 Αἰσχύλου.
2422 4039 2524 4105 Fr.
2578 4044 2702 4105 2125
2745 4041 2850 4122 N.,
2896 4044 3022 4106 243
3066 4042 3144 4106 D.

899 4154 1106 4220 Verba
1152 4156 1445 4220 videntur
1489 4154 1897 4220 Philoctetae.

900 4381 1010 4448 Vs.
1066 4372 1274 4444 1391.
1345 4381 1445 4445 οὐκ
1489 4377 1611 4443 ἔστι
1661 4380 1894 4450 Πειθοῦς
1944 4378 2048 4459 ἱρὸν
2095 4374 2248 4442 ἄλλο
2294 4377 2451 4451 πλὴν
2495 4379 2687 4457 λόγος.

996 4493 1203 4559 801101.
1230 4490 1296 4569 ἐξ
1316 4494 1657 4571 Ἀντιγόνης
1683 4492 2020 4573 Εὐριπίδου,
2046 4490 2124 4555 de
2148 4512 2273 4576 qua
2288 4491 2413 4556 vid.
2432 4490 2736 4577 Epimetr.
2760 4489 2852 4556 ΙΙ.
2872 4491 2976 4556 Fr.
3003 4493 3148 4557 170.
