3875 5634
1536 779 2239 827 ‘russuornoauzusxa
2840 768 2965 830 109

766 950 985 1015 aether
1031 956 1096 1013 et
1140 954 1325 1027 terra,
1374 969 1536 1032 quae
1578 947 1761 1013 initio
1805 971 2016 1014 rerum
2062 956 2299 1014 secreta
2343 957 2512 1031 sunt,
2553 973 2758 1036 neque
2795 952 3013 1018 aether

769 1064 1121 1147 ὑγροβόλους
1167 1062 1469 1142 σταγόνας
1516 1064 1769 1145 emittit,
1817 1071 1910 1129 est
1955 1065 2119 1130 euim
2166 1064 2408 1131 calidus
2450 1074 2512 1131 et
2550 1068 2767 1132 siocuS.
2810 1066 3016 1149 Quam

768 1179 1110 1267 Euripides
1170 1178 1409 1244 aetheri
1468 1178 1698 1244 tribuit
1744 1181 1833 1245 vis
1878 1204 1949 1244 ex
1999 1182 2405 1266 Anaxagorae
2450 1184 2760 1247 sententia
2805 1185 3018 1270 potius

766 1294 927 1359 aeris
988 1293 1311 1381 proprium
1362 1299 1476 1374 est,
1524 1293 1705 1358 docet
1747 1293 1932 1374 enim,
1984 1303 2059 1357 ut
2102 1295 2366 1360 tradidit
2411 1294 2878 1382 Theophrastus
2929 1300 3013 1362 H.

768 1408 967 1495 plant.
1016 1406 1127 1472 III
1176 1410 1237 1487 2,
1282 1406 1360 1471 B.
1408 1416 1472 1472 et
1516 1406 1588 1471 P.
1638 1408 1673 1492 ᾧ
1719 1408 1825 1487 57,
1870 1409 1967 1473 τὸν
2014 1408 2159 1490 ἀέρα
2205 1408 2440 1475 παντων
2490 1408 2651 1490 ἔχειν
2697 1410 3018 1491 σπέρματα

769 1520 876 1587 καὶ
935 1526 1138 1586 ταῦτα
1196 1503 1773 1602 συγκαταφὲρόμενα
1831 1524 1911 1602 τῷ
1968 1519 2140 1587 ὕδατι
2197 1525 2407 1600 γεννᾶν
2467 1522 2549 1587 τα
2609 1524 2797 1605 φυτά.
2858 1523 3017 1590 Cum

768 1658 897 1700 non
956 1634 1090 1722 ipsa
1148 1636 1553 1720 Anaxagorae
1613 1633 1799 1700 verba
1858 1636 2149 1701 attulerit
2209 1635 2522 1723 Theophr.
2583 1660 2711 1703 non
2774 1647 3017 1703 certum

771 1757 867 1817 est
910 1772 990 1815 an
1035 1772 1245 1815 revera
1289 1748 1432 1831 ἀέρα
1478 1748 1704 1814 dixerit
1746 1749 1854 1815 sed
1898 1749 2113 1838 αἰθέρα,
2140 1773 2282 1815 eum
2331 1773 2459 1816 non
2507 1749 2731 1817 dixisse
2778 1775 2811 1816 e
2849 1775 3020 1839 prae-

772 1863 1141 1930 cedentibus
1187 1871 1450 1929 constat.

861 1979 963 2044 Ad
1021 1978 1233 2044 locum
1289 1978 1656 2066 Thesmoph.
1705 1977 2094 2044 redeundum
2143 1986 2257 2044 est.
2305 1979 2535 2066 Neque
2580 2003 2655 2045 ex
2698 1980 3020 2067 Euripidis

766 2093 1019 2182 placitis
1077 2099 1244 2158 recte
1290 2092 1583 2180 explicari
1628 2099 1837 2180 potest
1882 2115 2087 2179 neque
2134 2093 2342 2160 lucem
2389 2095 2572 2160 affert
2615 2096 3019 2181 Anaxagorae

771 2207 1185 2296 philosophia.
1231 2205 1531 2292 Legimus
1577 2230 1693 2273 vss.
1744 2211 1826 2273 13
1874 2217 1937 2272 et
1988 2211 2071 2273 14
2117 2209 2501 2290 διακρίνεσθαι
2541 2216 2606 2275 et
2643 2210 3020 2294 διαχωρίζεσ-

683 2303 691 2310 ’
775 2327 885 2398 θαι,
934 2344 1096 2407 quae
1141 2320 1444 2386 solemnia
1486 2320 1600 2386 hac
1644 2322 1711 2386 in
1755 2345 1822 2386 re
1859 2320 2374 2409 philosophorum
2417 2331 2570 2388 sunt
2609 2322 2796 2388 verba
2818 2347 3022 2410 neque

775 2437 843 2502 in
888 2434 1197 2523 Euripide
1245 2435 1494 2513 desunt,
1541 2436 1615 2500 fr.
1661 2438 1789 2500 488
1838 2445 1901 2500 et
1950 2438 2211 2514 836,13,
2260 2437 2368 2502 sed
2413 2438 2728 2503 aetherem
2754 2439 3019 2520 διαχωρί-

773 2550 974 2632 ζεσθαι
1036 2572 1243 2635 neque
1289 2550 1686 2636 Anaxagoras
1732 2551 1947 2616 docuit
1989 2572 2193 2635 neque
2237 2550 2594 2638 Euripides,
2642 2553 2764 2618 nisi
2810 2555 3019 2634 διεχω-

769 2664 953 2749 ρίζετο
1028 2664 1234 2730 valeat
1286 2663 1684 2747 ἀπεχωρίζετο
1742 2665 1807 2750 (i.
1868 2687 1922 2729 e.
1985 2666 2107 2730 ἀπὸ
2168 2669 2280 2729 τῶν
2341 2664 2579 2732 πάντων
2642 2667 2785 2745 ὁμοῦ
2846 2667 3020 2732 ὄντων

770 2781 1180 2866 Anaxagorae
1240 2781 1340 2846 vel
1390 2780 1512 2846 ἀπὸ
1571 2788 1677 2855 τῆς
1737 2787 1851 2860 γῆς
1896 2779 2244 2865 Euripidis)
2293 2781 2485 2865 quod,
2535 2783 2817 2866 quamvis
2861 2781 3014 2847 Plu-

766 2896 1023 2961 tarchus
1092 2895 1171 2960 de
1228 2894 1602 2982 Empedoole
1648 2892 1939 2974 scribens,
1988 2892 2066 2958 de
2113 2893 2284 2960 Plao.
2331 2893 2566 2960 Philos.
2616 2894 2707 2977 Π,
2763 2897 2845 2976 6.,
2892 2895 3011 2960 hoo

774 3010 958 3075 modo
1021 3008 1208 3075 verbo
1253 3010 1600 3089 διακριθῆναι
1644 3016 1884 3089 utatur,
1932 3008 2033 3073 hic
2079 3009 2290 3074 minus
2338 3018 2432 3075 est
2476 3009 2819 3097 probabile,
2870 3012 3019 3096 quia

773 3123 1216 3212 Aristophanis
1276 3123 1574 3188 intererat
1635 3123 1800 3209 ipsas
1859 3124 2209 3190 locutiones
2269 3124 2724 3211 philosophicas
2769 3126 3018 3191 referre.

770 3238 1002 3324 Itaque
1060 3237 1394 3304 vertendus
1454 3244 1549 3301 est
1604 3261 1691 3303 vs.
1760 3240 1842 3302 14
1902 3288 1944 3317 „
1966 3241 2183 3303 Aether
2240 3262 2368 3304 cum
2408 3241 2663 3321 primum
2711 3241 2777 3304 in
2823 3242 3027 3306 varias

769 3360 974 3435 partes
1016 3351 1481 3417 semnebatur.’'

866 3465 1168 3551 Sequenti
1243 3485 1422 3529 versu
1483 3464 1741 3530 offendit
1799 3467 1857 3530 ἐν
1920 3466 2078 3547 αὐτῷ
2131 3463 2487 3547 ξυνετέκνου,
2549 3467 2719 3551 quod
2779 3467 3026 3534 nullius

775 3602 1076 3665 umquam
1136 3578 1491 3666 philosophi
1549 3579 1848 3666 placitum
1908 3580 2052 3645 fuit.
2102 3579 2389 3647 Fritsohe
2436 3582 2524 3646 sio
2572 3582 3024 3667 interpretatus

776 3700 870 3758 est
935 3691 1327 3772 „Offendere
1392 3700 1657 3781 possunt
1725 3695 1910 3760 verba
1968 3695 2027 3759 ἐν
2088 3696 2284 3776 abr-43:
2350 3698 2632 3762 crederes
2680 3698 2848 3763 enim
2893 3700 3023 3764 ani·

774 3808 1070 3885 „mantia
1131 3808 1196 3872 in
1240 3816 1408 3871 terra
1450 3831 1654 3894 neque
1700 3833 1844 3874 vero
1890 3810 1956 3874 in
2004 3810 2259 3874 aethere
2306 3819 2486 3876 natos
2531 3836 2682 3878 esse.
2733 3811 3026 3878 Ceterum

774 3921 955 4001 „iam
1006 3918 1227 3985 Valck.
1279 3919 1480 3986 Diatr.
1529 3945 1580 3987 e.
1632 3922 1727 3988 VI
1772 3924 1993 3988 attulit
2040 3923 2260 4010 Suppl.
2313 3928 2474 3990 532:
2522 3925 2642 3992 ὅθεν
2689 3928 2742 3993 δ’
2783 3926 3029 3994 ἕκαστον

778 4035 912 4114 „ek
957 4036 1024 4100 τὸ
1073 4035 1225 4114 σῶμ’
1272 4036 1544 4117 ἀφίκετο,
1587 4035 1596 4125 Ι
1636 4040 1865 4103 ἐνταῦθ’
1910 4039 2143 4113 ἀπῆλθε
2190 4040 2312 4104 κτὲ.

861 4148 1379 4234 „Praetereaque
1413 4159 1813 4238 anapaestum
1858 4152 2290 4218 notissimum:
2326 4162 2514 4234 χωρεῖ
2529 4155 2580 4220 δ’
2608 4156 2785 4220 ὀπίσω
2810 4156 2891 4222 τα
2914 4154 3024 4235 μὲν

777 4263 902 4340 υἐκ
946 4263 1134 4341 γαίας
1175 4260 1185 4351 Ι
1225 4262 1404 4344 φύντ’
1451 4265 1511 4337 ἐς
1557 4273 1765 4345 γαῖαν,
1806 4265 1887 4330 τα
1925 4266 1978 4330 δ’
2018 4267 2126 4329 ἀπ’
2151 4266 2385 4348 αἰθερίου
2425 4264 2435 4355 Ι
2476 4267 2825 4346 βλαστόντα
2848 4277 3023 4348 γονῆς

772 4422 815 4454 „
835 4374 915 4448 εἷς
954 4374 1203 4455 οὐράνιον
1244 4372 1255 4464 Ι
1293 4374 1469 4442 πόλον
1505 4372 1643 4452 ἦλθε
1681 4378 1878 4443 πάλιν.
1917 4378 2016 4443 Ex
2038 4379 2136 4443 his
2159 4387 2436 4467 apparet,
2461 4381 2808 4447 secundum
2833 4382 3017 4449 Euri·

774 4487 1046 4575 „pidem
1105 4488 1363 4568 animos,
1423 4511 1582 4575 quae
1627 4497 1719 4556 est
1764 4492 1983 4557 melior
2026 4495 2225 4558 nostri
2280 4517 2422 4581 pars
2469 4495 2534 4561 in
2582 4495 2848 4578 aethere,
2898 4519 3021 4563 non

772 4600 899 4681 „in
942 4608 1110 4668 terra
1152 4610 1333 4669 natos
1380 4605 1575 4670 esse-’³
