3875 5634
1703 1804 2050 1889 PAX.

763 2323 875 2389 Vs.
930 2318 1042 2386 52.
1539 2323 1928 2405 ὑπερτάτοισιν
1973 2324 2264 2406 άνδράσιν.

849 2438 1077 2524 Neque
1138 2439 1437 2521 ὑπέρτερος
1493 2438 1635 2525 Lys.
1704 2442 1827 2506 772
1888 2462 2095 2525 neque
2149 2439 2471 2521 ὑπέρτατος
2519 2441 2638 2505 Av.
2694 2442 2867 2505 1763
2923 2463 3020 2506 co-

759 2555 1063 2619 micorum
1112 2561 1224 2618 est.
1270 2553 1537 2639 Epicum
1582 2560 1676 2619 est
1717 2577 1788 2619 ac
1834 2555 2164 2639 tragicum.
2204 2553 2401 2641 Epico
2440 2561 2691 2619 tantum
2729 2576 3010 2620 sermone

756 2669 1052 2734 convenit
1095 2666 1546 2748 ὑπερηνορέουσιν
1591 2690 1679 2732 vs,
1727 2669 1831 2732 53.

756 2894 867 2960 Vs.
919 2886 1012 2958 76
1060 2913 1192 2977 sqq.
1507 2887 1548 2956 ὦ
1596 2891 1944 2972 Πηγάσειον,
1990 2891 2168 2975 φησὶ,
2207 2899 2477 2973 γενναῖον
2522 2892 2754 2974 πτερόν.

844 3006 1051 3073 Schol.
1111 3005 1277 3086 παρὰ
1334 3004 1415 3070 τοὶ
1474 3006 1540 3071 ἐκ
1593 3004 2052 3087 Βελλεροφόντου
2102 3005 2435 3087 Εὐριπίδου.
2484 3007 2702 3079 ἐκεῖνος
2750 3004 2866 3086 γάρ
2911 3003 3012 3070 διὰ

751 3121 1040 3199 Πηγάσου
1086 3125 1190 3186 τοῦ
1237 3123 1527 3201 πτερωτοῦ
1574 3118 1845 3196 ἐπεθύμει
1892 3120 1972 3192 εἷς
2018 3121 2116 3184 τὸν
2161 3120 2388 3199 οὖροινὸν
2432 3119 2719 3184 άνελθεῖν.

1112 3230 1280 3312 »ἄγ’
1329 3227 1371 3297 ὦ
1414 3233 1588 3315 Φίλον
1633 3256 1732 3311 μοι
1778 3230 2065 3311 Πηγάσου
2110 3229 2378 3314 “Trepida’'
2425 3231 2503 3297 fr.
2556 3233 2705 3296 308.

848 3348 934 3413 Ut
1003 3347 1081 3412 de
1149 3347 1407 3434 parodia
1467 3345 1658 3411 huius
1723 3345 2080 3431 tragoediae
2130 3351 2394 3423 constet,
2437 3344 2657 3431 paucis
2704 3366 3010 3431 exponen·

752 3462 906 3527 dum
975 3468 1069 3526 est
1130 3468 1592 3545 argumentum,
1655 3460 1732 3525 de
1787 3481 1913 3544 quo
1977 3457 2133 3524 bene
2195 3457 2541 3545 disputavit
2587 3456 2883 3524 Welcker
2927 3457 3000 3522 II

754 3600 813 3664 p.
892 3577 1016 3641 785
1089 3597 1220 3660 sqq.
1294 3574 1818 3659 Antiquissimum
1884 3573 1963 3638 de
2022 3571 2512 3659 Bellerophonte
2571 3572 3005 3638 testimonium

755 3688 1013 3776 praebet
1056 3687 1246 3753 Hom.
1297 3686 1379 3753 ΙΙ.
1430 3686 1524 3752 VI
1574 3691 1698 3752 155
1739 3708 1869 3772 sqq.
1911 3686 2075 3752 Bell.
2116 3686 2271 3751 falsa
2295 3687 2539 3751 Anteae
2563 3686 3004 3751 criminatione

752 3802 983 3868 Proeto
1044 3810 1395 3888 suspectuS,
1459 3801 1736 3865 mittitur
1798 3802 1864 3865 in
1922 3799 2200 3886 Lyciam,
2248 3799 2457 3865 hostes
2504 3807 2568 3864 et
2629 3799 3004 3864 chimaeram

748 3916 1048 3995 devincit,
1111 3915 1305 3980 filiam
1366 3915 1530 4000 regis
1592 3913 1818 3999 Lyciae
1882 3936 2141 3979 uxorem
2198 3913 2399 3994 ducit,
2447 3915 2595 3979 άλλ’
2642 3912 2738 3979 ὅτε
2784 3914 2855 3987 δὴ
2901 3912 3006 3978 καὶ

752 4038 937 4103 κεῖνος
981 4029 1296 4109 άπήχθετο
1344 4035 1491 4093 πᾶσι
1539 4031 1750 4103 θεοῖσιν,
1792 4026 1803 4118 Ι
1843 4022 1879 4102 ἦ
1924 4052 2010 4093 τοι
2055 4026 2082 4092 ὃ
2127 4028 2261 4092 κάπ-
2304 4029 2498 4093 πεδίον
2537 4027 2603 4093 τὸ
2639 4029 2878 4101 Ἀλήϊον
2901 4021 3009 4100 οἷος

750 4145 965 4217 άλοῖτο,
1010 4141 1020 4233 Ι
1059 4143 1117 4208 ὃν
1165 4144 1342 4221 θυμὸν
1389 4134 1535 4207 ιεοοτὲ
1547 4142 1675 4216 δων,
1722 4142 1910 4207 πάτον
1945 4142 2248 4223 ἀνθρώπων
2283 4141 2572 4206 άλεείνων.
2615 4139 2818 4207 Filius
2842 4142 3006 4206 enim

749 4257 1006 4342 filiaque
1048 4278 1085 4321 a
1131 4254 1338 4329 Marte
1385 4263 1448 4320 et
1494 4255 1697 4320 Diana
1741 4255 1946 4320 necati
1996 4264 2197 4321 erant.

839 4369 1156 4436 Hesiodus
1223 4377 1434 4434 narrat
1498 4368 2042 4455 Bellerophontem
2106 4390 2250 4433 cum
2310 4366 2549 4453 Pegaso
2609 4365 3003 4433 Chimaeram

749 4484 1157 4561 interfecisse,
1206 4482 1442 4568 Theog.
1491 4484 1655 4547 325:
1693 4483 1799 4557 τὴν
1844 4484 1954 4561 μὲν
2002 4482 2287 4560 Πήγασος
2326 4477 2444 4547 εἷλε
2481 4479 2588 4546 καὶ
2627 4483 2830 4554 ἐσθλὸς
2855 4492 3003 4546 Βελ-

748 4598 1120 4679 λεροφόντης,
1186 4602 1252 4661 et
1298 4593 1623 4681 Pegasum,
1668 4617 1854 4680 quem
1901 4618 2027 4660 non
2073 4602 2332 4660 noverat
2377 4593 2709 4675 Homerus,
2759 4594 2825 4660 in
2873 4616 3006 4660 coe·
