3875 5634
1718 795 2185 844 somniamus.
2940 782 3022 845 23

920 969 1065 1053 Quo
1112 968 1294 1034 modo
1339 974 1505 1077 post‘
1522 965 1784 1055 Telephi
1828 967 2176 1033 orationem
2211 967 2579 1053 processerit
2617 966 2937 1054 tragoedia
2974 990 3046 1033 ex

818 1106 1061 1170 ponere
1108 1080 1374 1148 conabor
1417 1080 1504 1147 ad
1542 1081 2213 1169 Thesmophoriazusas
2259 1084 2367 1167 (vs.
2419 1082 2588 1166 692).

826 1315 937 1385 Vs.
986 1310 1150 1385 637.
1419 1316 1798 1402 ἰοστεφάνους

914 1432 1083 1499 Usus
1141 1439 1238 1499 est
1294 1433 1611 1521 epithetis.
1651 1431 1983 1515 ἰοστέφανοι
2044 1437 2109 1497 et
2167 1430 2415 1513 λιπαραὶ
2466 1430 2799 1512 Pindarus,
2843 1430 3070 1517 Bergk.

826 1548 902 1614 fr.
954 1551 1060 1628 54,
2049 1560 2056 1565 '

914 1659 1018 1727 Ὠ
1064 1662 1167 1728 ταὶ
1210 1660 1458 1745 λιπαραὶ
1505 1661 1605 1726 καὶ
1651 1660 1984 1743 ἶοστέφανοι
2029 1659 2133 1726 καὶ
2179 1659 2435 1740 ἀοίδιμοι

921 1774 1216 1862 Ἑλλάδος
1261 1775 1518 1859 ἔρεισμα,
1565 1782 1793 1840 κλεῖναι
1837 1773 2126 1849 Ἀθᾶναι,
2174 1774 2462 1853 δαιμόνιον
2504 1771 2859 1852 πτολίεθρον.

918 1888 1163 1955 Similia
1222 1888 1522 1975 leguntur
1565 1887 1794 1954 Isthm.
1842 1887 1917 1953 H
1970 1891 2077 1970 20,
2125 1887 2313 1974 Pyth.
2361 1886 2494 1952 VII
2545 1888 2578 1950 1
2628 1893 2693 1951 et
2735 1887 2962 1974 passim
2998 1888 3068 1952 in

827 2002 1167 2090 tragoediis
1224 2002 1408 2091 Soph.
1457 2009 1524 2068 et
1566 2002 1758 2083 Eur.;
1807 2005 1917 2068 Ar.
1966 2001 2086 2087 Eq.
2138 2004 2331 2083 1329,
2380 1998 2553 2066 Nub.
2604 2002 2753 2081 300,
2796 2000 2871 2065 fr.
2924 2002 3073 2065 162.

830 2223 940 2292 Vs·
993 2219 1082 2290 65
1092 2218 1400 2290 9—664.
1448 2228 1588 2307 πρὸς
1632 2232 1833 2291 ταῦτα
1877 2226 2077 2290 Κλέων
2122 2223 2227 2290 καὶ
2274 2223 2673 2303 παλαμάσθω

1449 2339 1555 2405 καὶ
1603 2344 1726 2403 ποῖν
1770 2340 1864 2404 ἐπ’
1906 2337 2041 2417 ἐμοὶ
2087 2335 2504 2404 τεκταινέσθω.
2554 2337 2673 2402 κτὲ.

924 2452 1022 2518 Fr.
1075 2455 1223 2518 910.
1268 2452 1680 2539 Euripideum
1743 2476 1874 2517 esse
1931 2451 2141 2517 locum
2186 2449 2371 2516 docet
2416 2450 2672 2530 Suidas;
2723 2475 2756 2514 e
2801 2448 3076 2536 Telepho

835 2568 1105 2654 petitum
1179 2589 1310 2632 esse
1369 2589 1594 2653 magna
1652 2568 1785 2631 veri
1839 2565 2045 2653 specie
2108 2564 2377 2629 coniecit
2434 2563 2660 2649 Bergk.
2707 2562 2830 2629 Pro
2877 2562 3080 2628 verbis

830 2681 1165 2767 fragmenti
1211 2681 1348 2763 πρὸς
1392 2679 1575 2746 ταῦθ’
1622 2679 1660 2745 δ’
1695 2705 1751 2745 τι
1795 2679 1914 2761 χρὴ
1965 2701 2109 2745 cum
2155 2677 2471 2759 Nauckio,
2517 2678 2736 2764 Eurip.
2785 2677 2965 2742 Stud.
3005 2675 3079 2742 Π

837 2818 899 2883 p.
956 2798 1061 2875 12,
1107 2795 1512 2860 restituamus
1560 2793 1698 2877 πρὸς
1742 2792 1929 2860 ταῦθ’
1980 2792 2015 2858 ὅ
2053 2816 2110 2858 τι
2156 2801 2296 2875 χρῇ,
2346 2794 2389 2858 i.
2438 2817 2504 2857 e:
2551 2815 2700 2879 quae
2744 2794 2907 2858 velit.

828 3016 937 3082 Vs·
987 3009 1151 3084 731.
1198 3018 1341 3082 αλλ’
1386 3013 1429 3082 ὦ
1476 3018 1695 3099 πονηροὶ
1738 3018 1887 3099 κώρι’
1930 3016 2124 3083 ἀθλίω
2170 3016 2405 3097 πατρός.

914 3129 1122 3196 Verba
1165 3131 1446 3216 graviora
1492 3153 1604 3217 pro
1650 3130 2007 3196 conditione
2055 3129 2345 3209 hominis,
2388 3131 2496 3214 qui
2537 3129 2696 3195 filias
2734 3153 2877 3197 suas
2911 3130 3072 3196 fame
3122 3110 3128 3116 .

830 3243 1135 3309 confectas
1182 3245 1428 3309 venales
1473 3244 1667 3325 affert,
1716 3244 1859 3310 mox
1906 3253 1985 3309 ut
2031 3243 2338 3331 porcellas
2381 3242 2772 3310 venditurus.
2816 3244 2929 3310 Est
2970 3267 3075 3333 pa-

829 3358 1238 3444 ratragoedia.
2060 3339 2070 3347 ²
2804 3362 2819 3370 “

830 3581 937 3647 Vs.
990 3575 1126 3647 881
1140 3632 1154 3645 .
1225 3578 1267 3646 ὦ
1334 3584 1718 3665 τερπνότατον
1776 3583 1850 3647 σὺ
1911 3582 2212 3663 τέμαχος.
2253 3580 2577 3664 ἀνθρώποις
2639 3583 2842 3666 Φέρων.
2905 3583 3073 3647 Mihi

828 3696 977 3762 haec
1021 3696 1260 3783 legenti
1304 3696 1612 3762 succurrit
1658 3718 1871 3761 versus
1917 3696 2027 3761 ille
2076 3695 2495 3783 Aeschyleus:
2872 3696 2880 3704 ’

1314 3805 1356 3875 ὦ
1400 3813 1577 3877 κοινὸν
1622 3811 1924 3891 ὠφέλημα
1967 3809 2269 3884 θνητοῖσιν
2314 3810 2541 3893 Φανείς,

822 3923 1008 3989 verba
1065 3923 1178 3989 Ius
1239 3923 1683 3989 Prometheum
1742 3923 2157 4009 agnoscentis,
2220 3944 2403 4008 quae,
2464 3924 2747 4007 quamvis
2801 3925 2869 3989 in
2913 3925 3072 3990 mul-

823 4038 906 4101 tis
970 4036 1343 4123 discrepent,
1402 4058 1533 4102 non
1593 4043 1802 4102 tamen
1863 4036 2052 4122 plane
2109 4059 2146 4099 a
2210 4043 2423 4101 nostro
2467 4058 2648 4100 versu
2695 4037 2894 4101 aliena
2941 4060 3070 4102 esse

824 4151 1121 4236 suspicor.
1196 4147 1466 4214 Videtur
1533 4149 1653 4214 hoc
1724 4148 2019 4236 Aeschyli
2087 4147 2225 4214 loco
2294 4149 2587 4214 accidisse
2653 4149 2821 4233 quod
2879 4149 3073 4236 pluri·

825 4262 944 4327 mis
987 4262 1127 4327 aliis
1175 4263 1274 4347 (cf.
1325 4260 1473 4327 Cob.
1525 4260 1674 4327 Var.
1725 4263 1871 4327 lect.
1920 4285 1985 4350 p.
2036 4265 2100 4346 9)
2147 4260 2377 4327 accidit
2391 4288 2410 4341 3
2458 4262 2696 4328 locutio
2742 4263 2887 4328 inde
2932 4269 3070 4328 orta

825 4382 941 4454 est,
990 4397 1199 4460 quam,
1247 4383 1322 4439 ut
1367 4398 1466 4441 res
1512 4375 1891 4462 postulabat,
1938 4376 2019 4441 ad
2063 4397 2248 4441 suum
2298 4396 2483 4440 usum
2530 4376 2795 4460 quisque
2837 4399 3070 4442 accom-

822 4487 1133 4554 modabat.
1181 4488 1283 4553 Sic
1328 4491 1551 4556 chorus
1595 4490 1905 4576 Equitum
1956 4492 2091 4574 (Ar.
2141 4489 2260 4575 Eq.
2310 4492 2463 4574 836)
2509 4489 2829 4556 audaciam
2875 4499 2939 4558 et
2983 4492 3067 4557 fa·

825 4603 1113 4670 cundiam
1166 4605 1515 4689 Agoracriti
1559 4605 1892 4686 admirans,
1942 4603 2276 4670 exclamat:
