3875 5634
1868 764 2048 810 Avns.
2943 754 3026 817 95

826 982 868 1013 „
885 931 1173 1015 πυρφόρον
1230 931 1485 997 tertiam
1529 930 1719 997 fuisse
1762 932 2164 999 crediderunt
2209 935 2578 1018 tetralogiae
2620 935 2916 1018 fabulam,
2966 960 3074 1003 no-

827 1095 868 1127 „
884 1049 1053 1113 mine
1099 1069 1240 1112 -uon
1299 1052 1557 1133 propter
1613 1045 1852 1111 furtum
1898 1046 2060 1132 ignis
2105 1047 2415 1134 imposito,
2465 1048 2577 1113 sed
2622 1050 2700 1116 ad
2746 1051 3071 1129 λαμπαδο-

826 1208 868 1239 ,,
886 1161 1150 1243 δρομίοες,
1201 1158 1470 1224 Athenis
1511 1159 1580 1224 in
1622 1159 1919 1225 honorem
1964 1159 2320 1226 Promethei
2360 1162 2700 1247 quotannis
2737 1163 3077 1230 celebratas

823 1325 866 1356 „
886 1271 1209 1340 referendo
1220 1301 1239 1354 ;
1281 1273 1451 1359 quod
1490 1274 1853 1339 institutum
1894 1276 2217 1340 memorari
2242 1282 2487 1362 poterat
2509 1276 2578 1341 in
2602 1283 2877 1342 extrema
2899 1285 3076 1364 parte

827 1437 868 1467 „
888 1398 996 1470 Πρ.
1041 1386 1325 1466 λυομένου
1369 1387 1459 1473 (in
1507 1409 1631 1473 qua
1676 1387 1864 1452 etiam
1909 1388 1988 1453 de
2033 1388 2644 1455 corons'Promethei
2678 1414 2879 1457 sermo
2916 1392 3076 1458 fuit:

826 1552 868 1583 „
887 1501 1014 1567 vid.
1079 1501 1155 1566 fr.
1222 1503 1395 1590 204),
1456 1508 1534 1565 ut
1577 1492 1850 1567 'honores
1907 1501 2351 1569 Euminidibus
2398 1502 2670 1569 habendi
2713 1505 2782 1570 in
2828 1507 2951 1571 fine
2994 1506 3079 1572 fa-

827 1666 868 1697 „
891 1614 1077 1681 bulae
1124 1615 1530 1700 cognominis,
1578 1636 1738 1699 quae
1783 1614 2070 1681 sollemni
2111 1637 2339 1703 pompa
2376 1617 2718 1700 clauditur,
2760 1641 3080 1706 exponun-
3182 1659 3189 1665 -

829 1779 870 1811 „
888 1735 1016 1810 tur,
1076 1727 1187 1793 secl
1245 1728 1559 1812 quomodo
1619 1728 1897 1813 integrae
1951 1729 2306 1815 tragoediae
2362 1733 2843 1818 componendae,
2893 1733 3077 1818 eique

829 1892 870 1922 „
887 1843 1005 1907 tali
1064 1840 1285 1926 quales
1345 1841 1690 1927 Aeschylus
1747 1842 1945 1908 facere
1990 1842 2248 1922 solebat,
2294 1844 2575 1911 sufficere
2616 1848 2901 1933 potuerit
2946 1855 3074 1913 non

829 2007 871 2037 „
889 1955 1332 2044 perspicitur.”

923 2069 1111 2153 Quod
1160 2069 1551 2134 verissimum
1596 2075 1707 2134 est.
1754 2071 1842 2134 At
1884 2077 2168 2157 superest
2213 2071 2597 2159 Westphalii
2644 2073 2720 2140 de
2767 2097 2887 2140 usu
2926 2082 3079 2140 tem·

828 2184 999 2270 poris
1043 2183 1306 2270 perfecti
1351 2180 1718 2248 observatio.
1767 2182 1946 2266 Quae
1988 2185 2247 2251 minime
2293 2186 2683 2272 neglegenda
2721 2194 2836 2267 est,
2876 2210 3079 2273 neque

830 2298 1185 2365 dubitarem
1232 2298 1300 2363 in
1349 2297 1689 2362 doctissimi
1735 2298 2052 2384 scriptoris
2096 2302 2474 2365 sententiam
2520 2300 2786 2387 pedibus
2830 2302 2921 2367 ire
2943 2303 3081 2368 misi

831 2412 1116 2497 graviora
1154 2410 1496 2477 obstarent.
1544 2408 1776 2475 Vereor
1811 2412 1977 2476 enim
2012 2434 2113 2492 ne,
2154 2413 2206 2477 si
2229 2411 2697 2499 Westphalium
2723 2437 3080 2500 sequamur,

832 2525 1102 2611 Scyllam
1147 2524 1464 2609 fugientes
1506 2526 1576 2590 in
1624 2523 1975 2610 Charybdin
2024 2525 2407 2593 delabamur.
2450 2526 2618 2593 Nam
2651 2529 2875 2595 misere
2914 2528 3081 2594 clau-

782 2625 788 2630 *
832 2639 1004 2704 dicat
1062 2638 1316 2723 trilogia
1375 2639 1428 2703 si
1486 2639 1719 2726 primae
1781 2640 2133 2724 tragoediae
2186 2662 2309 2705 non
2361 2641 2547 2728 culpa
2594 2643 2704 2710 sed
2747 2666 2948 2731 poena
2991 2666 3084 2709 ar-

831 2758 1206 2838 gumentum
1267 2752 1480 2833 fuerit,
1542 2753 1711 2837 quod
1765 2752 2054 2818 Nauckio
2109 2775 2360 2839 quoque
2419 2755 2624 2820 visum
2679 2765 2774 2821 est
2820 2756 2931 2842 qui
2975 2756 3079 2822 Fr.

757 2915 763 2919 >
831 2873 991 2952 trag.
1027 2885 1103 2952 p.
1151 2865 1276 2931 47:
1323 2915 1365 2946 „
1385 2864 1512 2930 Vix
1556 2866 1752 2951 igitur
1798 2865 2073 2931 dubitari
2116 2874 2325 2953 potest
2369 2869 2526 2953 quin
2570 2869 2842 2956 primum
2888 2869 3081 2935 huius

829 3029 872 3061 „
889 2979 1180 3064 trilogiae
1252 2979 1463 3044 locum
1528 2981 1804 3045 tenuerit
1860 2981 2164 3063 πυρφόρος,
2228 2980 2505 3047 medium
2570 2983 2900 3063 δεσμώτης,
2962 2990 3084 3049 ter·

830 3090 1445 3172 „tium·).udpoevoc.''
1536 3090 1542 3098 ’

921 3204 1084 3271 Cum
1144 3212 1360 3271 autem
1422 3229 1460 3270 a
1507 3207 1929 3291 grammaticis
1973 3208 2328 3295 saepissime
2372 3215 2488 3274 aut
2532 3208 2783 3274 inscitia
2826 3216 2941 3275 aut
2991 3209 3082 3275 in·

832 3320 1008 3385 curia
1046 3325 1377 3407 peccatum
1424 3342 1557 3385 esse
1599 3327 1859 3401 constet,
1907 3327 2183 3387 statuere
2223 3322 2438 3387 malim
2471 3322 2578 3387 hic
2611 3344 2862 3409 quoque
2903 3322 3089 3389 Scho-

833 3433 1083 3499 liastam
1131 3439 1246 3497 aut
1289 3455 1523 3498 errasse
1563 3433 1845 3516 πυρφόρον
1885 3456 1997 3520 pro
2037 3434 2296 3517 λυομένῳ
2319 3435 2716 3519 scribentem,
2742 3444 2855 3501 aut
2878 3437 3086 3502 minus

833 3551 1144 3624 accurate,
1192 3568 1335 3611 cum
1375 3546 1651 3633 perfecto
1695 3546 1957 3612 δεδέσθαι
1996 3554 2301 3629 uteretur,
2344 3571 2522 3614 suam
2560 3551 2921 3615 enuntiasse
2943 3573 3085 3616 sen-

832 3661 1119 3725 tentiam.

921 3883 1058 3949 Iam
1104 3884 1435 3950 redeamus
1483 3885 1563 3950 ad
1607 3886 1772 3951 Aves
1815 3894 1880 3951 et
1923 3887 2245 3953 videamus
2294 3911 2481 3973 quam
2530 3891 2832 3956 concinne
2879 3889 3085 3957 omnia

834 4000 1206 4065 cohaereant
1269 4007 1335 4064 et
1391 4021 1577 4084 quam
1639 4007 1782 4085 apte
1826 4000 2030 4065 multa
2075 4001 2475 4087 interpretari
2518 4005 2824 4089 possimus
2868 4006 2921 4071 si
2966 4012 3088 4070 tra·

834 4114 1091 4200 goediae
1161 4112 1240 4178 de
1306 4135 1435 4198 qua
1494 4113 1769 4179 diximus
1827 4113 2145 4199 parodiam
2205 4115 2356 4181 huic
2400 4117 2635 4182 Avium
2678 4118 2845 4204 parti
2888 4119 3088 4184 inesse

829 4227 1143 4314 ponimus.
1206 4224 1275 4290 si
1336 4226 1510 4319 nihil
1567 4225 1743 4291 aliud
1803 4226 2004 4292 voluit
2063 4236 2249 4314 poeta
2304 4228 2430 4295 nisi
2475 4229 2809 4295 cachinnos
2853 4230 3089 4297 theatri

832 4362 1216 4406 commovere
1262 4338 1535 4404 ridiculo
1573 4338 1778 4405 herois
1817 4363 1958 4406 cum
2000 4341 2272 4408 umbella
2294 4342 2678 4409 ambulantis
2707 4345 3087 4432 spectaculo,

830 4475 1093 4541 persona
1159 4452 1528 4519 Promethei
1593 4476 1709 4518 vss.
1775 4456 1948 4518 1494
2005 4475 2137 4540 sqq.
2203 4446 2458 4522 omnino
2520 4463 2618 4522 est
2663 4465 2771 4533 τῆς
2814 4464 3095 4541 Φορτυιῆς

829 4568 1162 4651 κωμῳδίαις,
1237 4591 1399 4654 quae
1465 4568 1519 4635 si
1586 4591 1712 4634 non
1781 4567 1860 4634 ab
1906 4568 2195 4635 omnibus
2243 4571 2691 4659 Aristophanis
2734 4575 3090 4658 comoediis,
