3875 5634
883 637 1009 699 206
1719 651 2094 697 armar-auu
2138 653 2213 698 11.

840 826 1163 885 trarentur
1207 819 1276 882 in
1326 818 1448 882 fine
1492 818 1851 902 tragoediae
1899 819 2305 904 conspicuum
2353 819 2542 884 fuisse
2587 819 2796 886 velum
2843 830 2955 889 aut
2999 830 3091 888 ta·

842 917 1055 983 bulam
1117 919 1184 983 in
1247 940 1372 1002 qua
1434 918 1706 982 infausta
1768 917 2146 984 Graecorum
2193 920 2509 1005 navigatio
2554 922 2800 1007 depicta
2846 923 3087 1002 fuisset,

840 1020 945 1083 sed
993 1019 1416 1083 infelicissima
1460 1021 1558 1084 usi
1608 1020 1983 1085 coniectura.
2034 1019 2230 1085 Totus
2278 1022 2442 1086 enim
2491 1030 2584 1086 est
2628 1030 2811 1109 poeta
2854 1024 2920 1088 in
2961 1047 3086 1089 ma·

840 1120 917 1185 lis
964 1120 1194 1204 quibus
1243 1120 1426 1185 Troia
1471 1120 1893 1206 Troiadesque
1936 1121 2227 1187 mulieres
2267 1121 2627 1188 afficiuntur
2652 1122 3088 1189 describendis.

838 1223 992 1285 Post
1053 1228 1381 1285 mactatam
1447 1220 1847 1307 Polyxenam,
1903 1230 2195 1287 necatum
2250 1225 2709 1307 Astyanactem,
2757 1223 3085 1290 abductam

843 1321 1359 1402 Andromacham,
1423 1322 1488 1387 in
1536 1345 1608 1387 eo
1657 1331 1752 1386 est
1799 1322 2065 1387 Hecuba
2109 1331 2186 1387 ut
2232 1322 2470 1408 Ulyssis
2514 1346 2733 1389 navem
2782 1326 3089 1391 escendat.

845 1422 1157 1508 Sepelitur
1204 1422 1420 1487 infelix
1467 1423 1756 1487 Hectoris
1803 1423 2003 1487 filius:
2048 1424 2394 1489 adveniunt
2444 1424 2820 1490 Graecorum
2863 1427 3094 1491 milites

844 1523 1004 1588 faces
1050 1523 1337 1588 ardentes
1382 1546 1573 1589 manu
1610 1532 1928 1608 gestantes
1963 1524 2179 1589 urbem
2221 1525 2505 1589 incendio
2543 1527 2882 1606 vastaturi3
2920 1527 3095 1591 audi·

758 1622 767 1631 ’
844 1631 951 1688 tur
997 1625 1297 1710 strepitus
1341 1626 1584 1689 ruentis
1629 1623 1804 1688 urbis
1837 1632 1902 1688 et
1949 1630 2260 1710 postrema
2308 1625 2662 1710 tragoediae
2711 1625 2895 1690 verba
2942 1636 3092 1692 sunt

849 1726 1201 1790 miserantis
1247 1725 1416 1790 chori

1670 1814 1729 1877 ἰὼ
1776 1812 2037 1878 τάλαιναι
2082 1813 2268 1886 πόλις.
2305 1812 2313 1818 ’

937 1915 1115 1995 Quae
1162 1936 1304 1979 cum
1349 1915 1438 1978 ita
1486 1920 1708 1978 exeant
1752 1922 1817 1976 et
1863 1914 2096 2000 optime
2142 1922 2385 1992 exeant,
2434 1916 2576 1997 quis
2622 1923 2749 1980 tam
2800 1917 3088 2002 ineptum

854 2015 1044 2079 fuisse
1106 2022 1349 2101 poetam
1410 2014 1651 2078 iudicet
1697 2022 1774 2079 ut
1815 2014 2085 2079 alterum
2134 2019 2374 2079 exitum
2424 2017 2677 2101 insuper
2722 2016 3092 2082 addidisset!

940 2117 1220 2202 Apparet
1265 2115 1464 2200 igitur
1511 2116 1866 2199 tragoediae
1912 2116 2151 2179 exitum
2195 2115 2455 2201 prologo
2499 2139 2620 2180 non
2669 2139 3032 2202 congruere.

942 2282 1000 2340 2.
1051 2277 1293 2341 Deinde
1340 2277 1526 2342 habet
1565 2278 1730 2361 quod
1779 2276 2052 2341 offendat
2088 2277 2433 2362 episodium
2479 2281 2890 2359 seo—1059,
2927 2280 3093 2363 quod

849 2387 978 2442 tam
1051 2401 1269 2464 parum
1336 2401 1477 2442 cum
1542 2377 2060 2464 praecedentibus
2121 2388 2183 2441 et
2230 2378 2637 2462 sequentibus
2684 2380 2971 2445 cohaeret
3016 2389 3090 2444 ut

850 2481 898 2543 si
947 2478 1208 2559 abesset,
1259 2479 1414 2543 nihil
1462 2479 1940 2544 desideraretur.

940 2580 1162 2645 Prodit
1226 2581 1291 2644 in
1352 2602 1596 2645 scenam
1655 2580 1985 2644 Menelaus
2024 2578 2071 2663 ¹)
2133 2580 2244 2664 qui
2303 2581 2629 2665 profitetur
2686 2604 2750 2644 se
2798 2581 3097 2646 Μενέλαον

852 2676 992 2745 εἶναι
1059 2680 1162 2745 καὶ
1233 2680 1551 2762 στράτευμ’
1621 2681 1937 2761 Ἀχαιικόν
2008 2688 2073 2744 et
2141 2702 2284 2744 cum
2357 2680 2619 2745 Hecuba
2688 2681 3091 2765 colloquitur,

853 2804 1042 2866 quam
1090 2789 1322 2861 tamen,
1362 2783 1484 2846 nisi
1523 2782 1906 2867 adscriptum
1948 2788 2108 2845 esset
2143 2803 2392 2861 nomen,
2431 2804 2556 2846 non
2599 2805 3088 2866 agnosceremus,

856 2883 1062 2963 Quam
1130 2882 1295 2946 enim
1355 2883 1718 2966 loquentem
1780 2882 2072 2946 audimus
2119 2891 2184 2945 et
2227 2882 2683 2968 philosophicas
2729 2884 3094 2949 fundentem

854 3005 1067 3069 preces
1112 3005 1242 3047 non
1281 2984 1505 3047 misera
1542 2983 1655 3047 illa
1695 2990 1790 3047 est
1827 2984 2044 3067 regina
2083 2981 2541 3047 calamitatibus
2567 2983 2759 3047 fracta
2783 2983 2889 3048 sed
2912 2984 3097 3071 plane

853 3083 997 3147 alia.
1057 3083 1195 3147 Hoc
1239 3091 1449 3149 tamen
1498 3107 1623 3149 non
1672 3107 1885 3169 urgeo·
1934 3084 2113 3147 Talia
2159 3084 2474 3148 interdum
2524 3107 2647 3149 non
2697 3093 2876 3149 curat
2921 3086 3100 3149 Euri-

855 3185 1029 3271 pides
1076 3194 1150 3248 ut
1192 3184 1399 3249 videre
1441 3196 1532 3249 est
1567 3209 1601 3249 e
1637 3185 1961 3270 tragoedia
2002 3184 2243 3265 Oreste,
2288 3186 2468 3249 cuius
2492 3186 2556 3249 in
2583 3184 2776 3250 nobili
2802 3186 3098 3250 initio—

857 3289 985 3350 315
1047 3284 1574 3370 Clytaemnestrae
1637 3286 1821 3376 filius⁸
1873 3294 2155 3371 aegrotat
2216 3309 2252 3349 a
2308 3286 2488 3348 furiis
2534 3286 2904 3370 exagitatus,
2956 3306 3093 3350 mox

857 3407 1003 3451 vero
1065 3386 1478 3471 aegritudinis
1539 3393 1602 3449 et
1662 3386 1966 3451 furiarum
2031 3385 2268 3450 oblitus
2324 3393 2587 3450 atrocem
2637 3410 2701 3450 se
2745 3388 2909 3470 gerit
2953 3388 3101 3451 sica-

857 3489 1019 3553 rium
1068 3495 1131 3551 et
1176 3510 1314 3551 cum
1365 3510 1590 3566 sorore,
1640 3509 1826 3571 quam
1871 3485 2091 3572 Pyladi
2132 3487 2386 3551 minime
2424 3486 2795 3566 invidemuS,
2822 3486 3100 3552 Helenae

930 3766 965 3824 ¹)
1000 3764 1366 3813 Observandum
1409 3770 1483 3812 est
1532 3780 1700 3812 versus
1744 3762 1882 3811 chori
1934 3761 2198 3810 desiderari
2246 3761 2421 3825 quibus
2455 3760 2671 3809 Menelai
2709 3760 2945 3810 adventus
2977 3777 3105 3810 uun·

859 3844 1029 3901 tietur,
1075 3844 1202 3906 quod
1245 3850 1407 3891 tamen
1446 3843 1497 3891 in
1532 3843 1816 3906 quaestione
1857 3841 1914 3889 de
1950 3840 2191 3888 Troadum
2231 3840 2587 3903 compositione
2625 3847 2965 3901 argumentum
2999 3856 3103 3888 esse

860 3924 1047 3986 nequit,
1081 3923 1194 3986 quia
1231 3929 1281 3970 et
1317 3922 1455 3980 alibi,
1494 3938 1783 3985 quamquam
1815 3921 1865 3969 in
1899 3927 2039 3969 tanto
2071 3935 2388 3983 personarum
2408 3935 2609 3968 numero
2628 3934 2738 3967 raro
2753 3919 3031 3983 (quinquies
3048 3920 3102 3968 ni

861 4002 1046 4061 fallor),
1080 4001 1208 4050 idem
1244 4001 1437 4049 accidit.
1474 4001 1577 4064 Ipsi
1614 4001 1696 4065 qui
1727 4001 1829 4048 sint
1861 4008 2078 4057 narrant,
2109 3999 2330 4047 adstante
2359 3999 2439 4062 qui
2462 4014 2655 4047 narrare
2672 3999 2915 4062 potuisset
2936 3998 3113 4058 choro

861 4082 1011 4130 Jason
1058 4081 1202 4140 (Med.
1256 4079 1387 4139 447),
1435 4080 1694 4129 Menelaus
1729 4080 1897 4138 (Andr.
1935 4081 2067 4135 309),
2104 4077 2490 4141 Theoclymeuus
2528 4077 2657 4136 (Hel.
2697 4078 2860 4137 1165),
2891 4078 3107 4127 Tiresias

861 4159 1056 4218 (Bacch.
1104 4159 1234 4219 170),
1275 4158 1498 4208 Achilles
1543 4160 1671 4224 (Iph.
1721 4159 1836 4208 Aul.
1873 4160 2004 4213 801).
2043 4157 2184 4206 Alios
2221 4164 2469 4220 praetereo
2509 4172 2552 4204 v
2590 4172 2630 4204 c.
2664 4156 2963 4216 Menelaum,
2991 4157 3104 4206 nel.

863 4240 978 4307 386,
1028 4239 1167 4287 cuius
1217 4237 1477 4286 adveutum
1522 4239 1752 4287 nuntiare
1803 4254 1898 4286 non
1937 4238 2103 4302 potuit
2137 4236 2327 4292 chorus,
2362 4236 2476 4298 quia
2511 4252 2564 4284 ex
2603 4238 2852 4286 orchestra
2885 4243 2935 4286 ct
2964 4252 3107 4285 scena

862 4319 1066 4375 abierat,
1102 4324 1186 4365 aut
1223 4317 1449 4373 Dianam,
1487 4317 1637 4381 Hipp.
1682 4318 1826 4375 1282,
1865 4334 1984 4380 quae
2023 4316 2288 4381 improvisa
2323 4315 2459 4363 venit
2490 4322 2541 4362 et
2571 4316 2755 4365 nemini
2787 4318 2955 4379 ignota
2984 4322 3105 4373 erat,

864 4405 950 4446 aut
1000 4413 1178 4455 servos,
1228 4413 1345 4460 quos
1390 4396 1636 4445 nominari
1683 4413 1782 4445 non
1834 4412 1956 4460 opus
1991 4404 2094 4444 erat
2127 4395 2242 4458 quia
2274 4410 2302 4441 a
2336 4393 2530 4442 theatro
2568 4411 2592 4442 e
2631 4395 2813 4442 vestitu
2848 4401 2899 4442 ct
2930 4392 3106 4442 babitu

864 4477 1013 4527 facile
1045 4476 1243 4540 agnosci
1278 4482 1524 4540 poteraut.
