3875 5634
1786 752 2040 797 vespm.
2902 740 2985 804 63

784 933 849 990 et
914 948 1004 990 vs.
1077 926 1162 988 64
1222 920 1696 987 Andromache:
1759 916 1801 984 ὦ
1864 920 2133 1003 φιλτάτη
2198 921 2489 999 σύνδουλε,
2552 924 2860 999 σύνδουλος
2922 927 3038 1009 γάρ

753 1032 882 1123 ,εἶΙ
922 1047 996 1119 τῇ
1035 1035 1232 1118 πρόσθ’
1275 1034 1512 1116 άνάσσῃ
1560 1035 1721 1117 τῇδε.
1769 1033 1861 1099 Cf.
1912 1033 2055 1100 Hel.
2112 1038 2304 1101 1193.

789 1263 896 1329 Vs.
951 1254 1161 1326 1326.
1674 1260 1877 1342 ἄνεχε,
1924 1261 2169 1343 πάρεχε.

880 1377 1086 1442 Schol.
1154 1375 1309 1441 Rav.
1379 1376 1446 1440 ἐκ
1513 1375 1805 1457 Τροιάδων
1865 1376 2177 1457 Εὐριπίδου
2241 1375 2376 1462 (ubi
2434 1376 2668 1463 legitur
2726 1401 2814 1442 vs.
2878 1381 3040 1443 308:

790 1490 995 1573 ἄνεχε,
1058 1490 1310 1573 πάρεχε,
1359 1494 1491 1572 Φῶς
1537 1489 1699 1572 Φέρε·
1750 1489 1906 1569 σέβω
1957 1490 2215 1575 φλέγω.)
2264 1490 2396 1556 Alii
2442 1497 2693 1558 contra:
2742 1493 2970 1575 ὑστερεῖ
3007 1492 3041 1566 ἦ

790 1611 905 1671 τῶν
953 1603 1244 1688 Τρῳάδων
1292 1603 1526 1677 κάθεσις
1571 1603 1724 1668 ἔτεσι
1770 1604 1948 1680 ἑπτά,
1995 1604 2164 1690 quod
2199 1628 2411 1671 verum
2453 1613 2567 1672 est.
2608 1606 2775 1672 Nam
2799 1604 3042 1695 Vespae

792 1727 967 1784 actae
1030 1725 1182 1784 sunt
1227 1717 1330 1782 Ol.
1383 1720 1556 1797 89,2‚
1603 1716 1873 1783 Troades
1920 1726 2083 1783 teste
2128 1718 2414 1799 Aeliano,
2467 1718 2543 1784 V.
2592 1720 2674 1786 H.
2711 1719 2786 1785 ΙΙ
2830 1723 2889 1802 8,
2939 1720 3043 1786 01.

796 1835 876 1898 91
943 1840 1027 1912 et,
1088 1838 1164 1897 ut
1224 1830 1408 1896 docet
1452 1830 1648 1897 schol.
1698 1833 1815 1895 Av.
1868 1834 2015 1912 842,
2058 1830 2227 1897 brevi
2271 1841 2420 1898 ante
2466 1835 2631 1899 Aves
2676 1834 3047 1920 Aristopha-

792 1948 908 2013 nis.
971 1946 1096 2011 Hic
1157 1946 1326 2011 enim
1388 1946 1625 2010 mentio
1683 1944 1756 2010 fit
1801 1944 2151 2011 Palamedis
2194 1944 2517 2032 Euripidis
2562 1950 2624 2012 οὐ
2671 1947 2776 2028 πρὸ
2821 1952 3043 2013 πολλοῦ

793 2061 1237 2139 δεδιδαγμένου,
1307 2081 1498 2144 quam
1568 2058 1952 2144 tragoediam
2012 2081 2137 2124 una
2203 2082 2343 2125 cum
2410 2058 2756 2126 Troadibus
2800 2061 3046 2126 doctam

795 2198 927 2241 esse
988 2175 1295 2240 Aelianus
1354 2173 1397 2237 l.
1460 2173 1503 2237 l.
1558 2174 1739 2238 testis
1798 2180 1891 2238 est
1936 2172 2039 2256 (In
2086 2174 2293 2239 codice
2334 2175 2550 2255 Τρωσὶ,
2600 2177 2834 2256 Τρῳάσι
2880 2177 3052 2241 resti-

795 2288 926 2354 tuit
971 2288 1356 2375 Musgrave).

884 2406 1024 2469 Hoc
1069 2403 1433 2468 testimonio
1480 2424 1576 2467 res
1621 2401 1899 2466 confecta
1929 2425 2059 2466 esse
2083 2400 2349 2480 videtur,
2366 2424 2493 2466 non
2517 2409 2730 2468 tamen
2759 2404 3046 2469 confecta

798 2524 911 2581 est.
987 2515 1293 2597 Quamvis
1357 2516 1545 2596 enim,
1611 2522 1688 2578 ut
1749 2515 1869 2579 iam
1931 2516 2141 2579 statim
2188 2514 2411 2594 dicam,
2463 2539 2588 2580 non
2639 2514 2902 2582 arbitrer
2947 2539 3051 2603 pa-

798 2631 1034 2696 rodiam
1097 2651 1312 2694 versus
1369 2627 1697 2714 Euripidei
1759 2628 1908 2693 huic
1970 2628 2103 2693 loco
2165 2629 2390 2709 inesse,
2457 2651 2671 2694 vereor
2716 2636 2926 2695 tamen
2974 2638 3051 2695 ut

799 2745 948 2808 satis
990 2743 1243 2808 firmum
1291 2745 1377 2806 sit
1422 2750 1868 2827 argumentum
1918 2741 2086 2826 quod
2126 2765 2159 2806 e
2197 2742 2663 2828 computatione
2695 2750 3050 2830 temporum

802 2864 1077 2944 petatur.
1139 2854 1291 2920 Non
1357 2855 1523 2920 enim
1583 2877 1781 2920 unum
1842 2862 1907 2920 et
1962 2856 2276 2941 integrum
2337 2856 2551 2921 drama
2597 2854 2867 2922 Troades
2923 2880 3053 2922 esse

798 2970 1095 3037 videntur
1140 2969 1250 3035 sed
1296 2994 1331 3034 e
1374 2968 1622 3034 duobus
1668 2977 2022 3034 consutum.
2065 2967 2226 3035 Vide
2262 2969 2654 3056 Epimetrum
2682 2969 2773 3034 ΙΙ.
2803 2969 2922 3036 Sed
2948 2971 3053 3036 ali-

802 3085 971 3151 unde
1027 3091 1288 3172 apparet
1346 3091 1593 3170 poetam
1639 3106 1766 3148 non
1812 3085 2114 3166 πάρφδεῖν.
2164 3084 2336 3166 Quid
2385 3084 2554 3150 dicat
2600 3085 2802 3150 verbis
2846 3085 3053 3166 ἄνεχε,
3175 3112 3181 3117 ·

789 3200 1035 3290 ,πάρεχε
1093 3222 1218 3265 non
1284 3199 1540 3265 difficile
1587 3206 1681 3264 est
1725 3199 2076 3264 intellectu.
2124 3197 2283 3264 Cum
2332 3207 2397 3265 et
2442 3198 2753 3266 Casandra
2800 3208 2866 3266 et
2910 3199 3057 3265 Phi·

802 3314 1045 3379 locleon
1090 3312 1288 3378 facem
1334 3319 1669 3398 gestantes,
1693 3321 2127 3400 approperent,
2175 3312 2488 3380 obiectum
2535 3313 2708 3380 verbi
2743 3313 2928 3395 ἄνεχε
2965 3322 3060 3380 est

803 3429 962 3511 δᾷδά
1021 3429 1272 3509 „facem
1329 3450 1563 3492 sursum
1627 3425 1826 3493 tolle’.
1882 3426 2059 3492 Idem
2114 3427 2283 3492 ver‘bi
2331 3428 2560 3511 πάρεχε
2604 3428 2920 3494 obiectum
2975 3430 3059 3494 sit

803 3564 1051 3607 necesse
1113 3548 1228 3619 est,
1254 3554 1261 3560 '
1290 3563 1525 3624 „prope
1585 3538 1800 3627 affer-'2
1859 3589 1900 3619 „
1919 3540 2091 3605 houd
2135 3539 2274 3627 bij”‚
2320 3547 2397 3605 ut
2440 3548 2750 3607 nostrates
2800 3541 3055 3608 dicunt.

806 3656 1044 3722 Eodem
1092 3678 1344 3743 prorsus
1391 3654 1576 3720 modo
1622 3655 1868 3741 scripsit
1908 3654 2241 3741 Euripides
2286 3655 2428 3742 Iph.
2481 3656 2631 3721 Aul.
2690 3657 2816 3722 733

1236 3777 1330 3833 Κλ
1368 3816 1847 3833 ........
1897 3769 1987 3841 τίς
2028 3769 2363 3849 ἀνασχήσει
2411 3770 2659 3851 φλόγας

1234 3883 1380 3960 ’Aua
1428 3882 1544 3959 ἐγὼ
1591 3878 1819 3962 παρέξω
1866 3886 1996 3962 φῶς
2042 3881 2068 3946 ὃ
2116 3883 2389 3963 νυμφίοις
2437 3882 2653 3965 πρέπει.

898 3994 1050 4060 Tale
1121 3995 1376 4075 άνέχειν,
1437 3994 1675 4081 opinor,
1739 3993 2185 4059 Bacchantium
2254 4017 2507 4081 quoque
2553 4004 2704 4061 erat.
2753 3995 2900 4084 Ipsa
2947 3997 3066 4064 Ca-

809 4110 1035 4175 sandra
1094 4108 1318 4187 μοιινάς
1379 4107 1586 4189 θοάζει,
1643 4131 1728 4172 vs.
1780 4109 1927 4189 307,
1978 4116 2041 4172 et
2087 4108 2369 4173 Bacchus
2416 4109 2669 4187 dicitur,
2720 4109 2858 4176 Ion.
2910 4114 3061 4194 716,

810 4221 1194 4305 άμφιπύρους
1238 4213 1473 4302 άνέχων
1517 4222 1741 4295 πεύκας
1789 4222 2058 4304 λαιψηρά
2099 4224 2295 4297 πηδᾶν
2333 4225 2690 4298 νυκτιπόλοις
2725 4223 2865 4305 ἅμα
2905 4250 3062 4305 συμ-

811 4336 1074 4416 βάκχοις
1118 4339 1287 4421 (cum
1328 4359 1387 4401 v,
1423 4335 1628 4400 Herw.
1670 4336 1735 4400 in
1768 4337 1863 4401 ed.
1904 4334 2044 4401 Ion.
2083 4360 2136 4400 a.
2172 4337 2231 4401 h.
2258 4336 2326 4420 l.)
2352 4336 2526 4418 Quin
2549 4339 2737 4402 etiam
2770 4339 3064 4404 videntur

809 4448 1012 4530 ἄνεχε,
1081 4449 1312 4532 πάρεχε
1379 4450 1512 4536 ipsa
1578 4448 1767 4513 fuisse
1834 4448 2017 4514 verba
2077 4472 2237 4535 quae
2297 4449 2716 4516 exclamarent
2783 4450 3063 4518 Bacchae

812 4586 956 4629 cum
1016 4562 1258 4629 facibus
1312 4570 1379 4628 et
1439 4562 1742 4628 Bacchico
1801 4568 2031 4628 ornatu
2080 4562 2423 4629 instructae
2466 4571 2664 4630 noctu
2711 4572 3070 4652 strepentes
