3875 5634
885 694 1009 757 120
1611 708 2325 756 mnsnornomzusn.

837 892 949 958 Vs.
1000 884 1163 954 692.
1235 890 1538 973 κέκραχθι·
1582 894 1753 956 τοῦτο
1800 890 1856 955 δ’
1902 889 2180 955 οὐδεποτε
2222 890 2296 954 σὺ
2343 895 2620 971 ψωμιεῖς,

1235 1002 1304 1078 ἢν
1352 1006 1439 1082 μή
1489 1003 1558 1082 μ’
1605 1004 1827 1084 ἀφῆτ’·
1873 1004 2020 1069 ἀλλ’
2070 1002 2261 1069 ἐνθάδ’
2312 1002 2411 1068 ἐπὶ
2459 1007 2572 1068 τῶν
2619 1004 2831 1086 μηρίων

1236 1120 1470 1197 πληγὲν
1519 1117 1808 1200 μοιχκίρᾳ
1853 1117 1997 1198 τῇδε
2042 1116 2272 1199 φοινίοις
2318 1116 2566 1199 Φλέβοις

1238 1232 1692 1310 καθαιματώσει
1739 1230 1970 1309 βωμόν.

931 1345 1260 1433 Tragicum
1331 1344 1635 1431 loquendi
1697 1367 1901 1431 genus
1961 1343 2108 1410 inde
2166 1343 2245 1409 ab
2309 1345 2454 1410 ἀλλ’
2500 1344 2699 1410 ἐνθάδε
2742 1368 2924 1411 nemo
2969 1368 3098 1412 non

844 1460 1143 1546 agnoscit.
1214 1460 1391 1525 Num
1450 1483 1597 1525 vero
1658 1457 1916 1546 parodia
1977 1460 2061 1523 sit
2108 1457 2401 1523 dubitant
2449 1457 2658 1545 Enger
2706 1465 2772 1523 et
2815 1458 3101 1525 Fritsche

844 1573 990 1659 qui:
1037 1573 1345 1659 „Tragici
1390 1573 1662 1639 alicuius
1707 1573 1918 1638 locum
1974 1572 2074 1637 hic
2119 1571 2237 1637 sibi
2263 1594 2594 1658 agnoscere
2618 1571 2912 1637 videntur
2937 1572 3102 1638 Kus-

844 1696 1062 1769 ‚‚terus
1121 1696 1313 1774 atque
1374 1688 1668 1753 Bothius.
1731 1686 1870 1774 Ego
1931 1687 2142 1774 potius
2203 1711 2421 1753 censeo
2485 1689 2551 1753 in
2602 1711 2667 1753 re
2711 1689 2868 1753 seria
2911 1689 3103 1775 tragi-

842 1826 1044 1884 ‚,cum
1090 1825 1312 1868 sonum
1358 1801 1437 1868 de
1486 1802 1799 1868 industria
1846 1825 1886 1866 a
1934 1802 2169 1867 comico
2214 1802 2573 1887 quaesitum
2625 1825 2775 1867 esse.
2824 1801 2992 1867 Nam
3037 1809 3103 1867 et

843 1967 883 1999 ‚,
903 1917 1284 1983 Scholiastae
1328 1916 1434 1982 hic
1480 1923 1694 1981 tacent
1742 1922 1807 1980 et
1848 1915 2037 2002 plane
2079 1914 2422 1980 cavendum
2466 1921 2560 1979 est
2596 1938 2677 1980 ne
2701 1914 3102 2002 parodiarum

845 2054 1208 2111 „numerus
1232 2030 1422 2118 ,apud
1469 2029 1962 2117 Aristophanem
2009 2038 2244 2094 temere
2290 2031 2657 2114 augeatur.”

934 2144 1291 2212 Cavendum
1364 2143 1460 2210 est
1521 2146 1796 2226 omnino,
1861 2145 2052 2209 miror
2110 2152 2323 2208 tamen
2383 2143 2638 2209 doctum
2695 2144 3101 2231 interpretem

849 2282 976 2325 non
1034 2259 1258 2325 vidisse
1318 2259 1530 2324 locum
1588 2259 1856 2323 allatum
1919 2257 2312 2323 manifestam
2361 2257 2649 2323 exhibere
2691 2256 2956 2346 Telephi
3002 2281 3106 2346 pa·

847 2373 1106 2455 rodiam,
1170 2375 1279 2459 qui
1343 2373 1629 2438 Orestem
1693 2397 1727 2438 e
1775 2372 2108 2438 cunabulis
2155 2373 2367 2460 rapuit
2413 2380 2488 2437 ut
2533 2372 2650 2438 sibi
2695 2372 2874 2438 obses
2921 2381 3102 2439 esset.

848 2487 995 2553 Vid.
1059 2489 1136 2554 'ad
1199 2488 1355 2553 Ach.
1422 2490 1573 2552 326.
1637 2486 2054 2572 Tragoediam
2103 2488 2267 2551 euim
2315 2486 2659 2573 Telephum
2709 2488 2973 2569 παρῳδεῖ
3011 2510 3107 2552 co·

847 2603 1046 2668 micus
1088 2603 1153 2667 in
1202 2601 1741 2683 antecedentibus»,
1794 2604 1922 2665 466
1973 2624 2127 2686 sqq„
2169 2622 2328 2685 quae
2367 2602 2732 2679 orationem,
2776 2623 2966 2687 quam
3005 2601 3108 2666 ha-

844 2713 986 2779 buit
1030 2739 1138 2781 rex
1184 2715 1531 2802 Mysorum,
1573 2722 1638 2780 et
1678 2717 1815 2781 eius
1858 2716 2243 2801 agnitionem
2284 2716 2607 2780 continent
2644 2715 2789 2801 (vid.
2829 2717 2906 2782 ad
2944 2716 3103 2782 Ach.

848 2832 978 2893 496
1041 2833 1219 2915 sqq.),
1281 2832 1371 2895 ita
1433 2839 1509 2896 ut
1565 2854 1683 2895 vss,
1737 2834 1865 2894 692
1916 2852 2050 2915 sqq.
2098 2831 2337 2915 legenti
2386 2832 2596 2895 statim
2643 2831 2919 2897 eiusdem
2965 2832 3108 2896 faci·

846 2965 967 3008 nus
1033 2944 1097 3008 iu
1157 2952 1429 3010 mentem
1492 2945 1727 3010 veniat.
1792 2943 2041 3011 Deinde
2104 2969 2220 3009 non
2266 2952 2479 3010 tacent
2528 2944 2910 3010 Scholiastae
2955 2968 3099 3011 cum

848 3065 1059 3144 aperte
1125 3065 1395 3154 testetur
1464 3058 1671 3125 Schol.
1736 3059 1897 3124 Ach.
1965 3061 2126 3124 332:
2189 3059 2271 3124 τοὶ
2333 3059 2397 3124 δὲ
2457 3060 2709 3138 μεγάλα
2753 3060 2912 3135 πάθη
2964 3061 3104 3127 ὑπο-

848 3171 1044 3253 ποιίζει
1089 3181 1196 3247 τῆς
1241 3174 1574 3255 τραγῳδίας
1613 3172 1744 3239 ἐπεὶ
1787 3173 1888 3238 xx}
1922 3174 1951 3238 ὅ
1991 3176 2277 3256 Τήλεφος
2300 3222 2496 3238 .....
2536 3174 2658 3239 κτὲ.
2698 3174 3106 3256 παραπλήσιον

849 3287 911 3352 δέ
963 3311 1019 3351 τι
1081 3286 1185 3351 καὶ
1241 3290 1299 3353 ἐν
1361 3296 1501 3361 ταῖς
1558 3286 2182 3381 Θεσμοφοριαζούσαις
2222 3288 2508 3361 ἐποίησεν.
2558 3287 2584 3351 ὅ
2629 3288 2743 3370 γὰρ
2789 3288 3108 3370 Εὐριπίδου

848 3400 1134 3474 κηδεστὴς
1195 3402 1581 3482 Μνησίλοχος
1640 3401 2164 3480 ἐπιβουλευόμενος
2230 3400 2393 3481 παρὰ
2437 3405 2549 3464 τῶν
2594 3407 2881 3479 γυναικῶν
2925 3390 3136 3466 οὶσκὸυ

844 3512 1122 3594 ἁρπάσας
1168 3514 1331 3596 πικροὶ
1374 3540 1522 3589 τινος
1571 3516 1849 3593 γυναικὸς
1897 3516 1974 3588 ὥς
2020 3513 2094 3580 ἂν
2141 3515 2368 3580 παιδίον
2404 3515 2751 3579 ἀποκτεῖναι
2805 3515 3105 3594 βούλεται.

934 3624 1211 3691 Eandem
1281 3628 1480 3713 igitur
1540 3628 1843 3695 habemus
1906 3629 2233 3716 parodiam
2300 3649 2490 3713 quam
2552 3629 2708 3694 Ach.
2759 3631 2888 3693 326
2937 3652 3107 3717 sqq.;

848 3761 990 3803 cum
1037 3747 1246 3805 autem
1293 3741 1360 3807 in
1410 3742 1921 3809 Acharnensibus
1969 3743 2152 3829 pueri
2205 3750 2419 3829 raptus
2458 3750 2608 3807 ante
2647 3743 2892 3829 longam
2933 3742 3107 3809 illam

846 3853 1105 3940 Telephi
1166 3857 1510 3922 orationem
1574 3867 1869 3945 ponatur,
1938 3859 2004 3923 in
2067 3856 2442 3944 Thesmoph.
2504 3865 2717 3923 contra
2761 3865 2904 3945 post
2951 3880 3110 3938 eam,

849 3970 1276 4057 quaerendum
1351 3977 1443 4035 est
1504 3993 1841 4059 quamnam
1910 3973 1976 4037 in
2038 3971 2357 4056 tragoedia
2404 3969 2694 4037 habuerit
2739 3972 2969 4038 sedem.
3016 3971 3110 4036 Ea

847 4082 924 4147 de
985 4106 1050 4147 re
1109 4091 1253 4169 post
1299 4084 1617 4164 Geelium,
1671 4084 2099 4166 Welckerum,
2152 4085 2500 4151 Schollium
2547 4084 2896 4171 disputavit
2941 4084 3106 4150 Jahn

844 4196 911 4260 in
956 4187 1258 4282 opusculo
1306 4198 1430 4262 iam
1470 4197 1547 4262 ad
1598 4197 1759 4262 Ach.
1808 4197 2088 4279 laudato,
2147 4199 2419 4282 Telepkos
2462 4202 2592 4263 und
2639 4199 2881 4263 Troilon.

932 4309 1011 4374 In
1058 4311 1372 4399 plerisque
1419 4312 1525 4376 hic
1573 4335 1703 4377 rem
1749 4335 1868 4377 acu
1916 4313 2169 4399 tetigit;
2213 4313 2377 4377 inest
2410 4320 2620 4377 tamen
2661 4314 2728 4379 in
2751 4313 3108 4398 argumenti
3226 4320 3232 4326 “

844 4423 1195 4508 tragoediae
1261 4426 1646 4512 expositione
1711 4427 1864 4493 levis
1922 4451 2110 4509 error,
2162 4451 2348 4517 quem
2397 4425 2473 4492 ab
2519 4428 2938 4515 Aristophane
2983 4450 3109 4493 mo-

843 4534 963 4600 niti
1002 4535 1226 4603 tollere
1274 4560 1630 4624 possumus.
