<?xml version="1.0" encoding="UTF-8"?>
<!DOCTYPE html PUBLIC "-//W3C//DTD XHTML 1.0 Transitional//EN"
    "http://www.w3.org/TR/xhtml1/DTD/xhtml1-transitional.dtd">
<html xmlns="http://www.w3.org/1999/xhtml" xml:lang="en" lang="en">
 <head>
  <title>
</title>
<meta http-equiv="Content-Type" content="text/html;charset=utf-8" />
  <meta name='ocr-system' content='tesseract 3.04.00' />
  <meta name='ocr-capabilities' content='ocr_page ocr_carea ocr_par ocr_line ocrx_word'/>
</head>
<body>
  <div class='ocr_page' id='page_1' title='image "./deparodiaincomo03bakhgoog_0195.png"; bbox 0 0 3875 5634; ppageno 0'>
   <div class='ocr_carea' id='block_1_1' title="bbox 1803 788 2990 850">
    <p class='ocr_par' dir='ltr' id='par_1_1' title="bbox 1803 788 2990 850">
     <span class='ocr_line' id='line_1_1' title="bbox 1803 788 2990 850; baseline 0.003 -4"><span class='ocrx_word' id='word_1_1' title='bbox 1803 800 2038 846; x_wconf 60' lang='lat' dir='ltr'><strong>nasas.</strong></span> <span class='ocrx_word' id='word_1_2' title='bbox 2867 788 2990 850; x_wconf 80' lang='lat'><strong>149</strong></span> 
     </span>
    </p>
   </div>
   <div class='ocr_carea' id='block_1_2' title="bbox 785 964 3039 1630">
    <p class='ocr_par' dir='ltr' id='par_1_2' title="bbox 785 964 3039 1630">
     <span class='ocr_line' id='line_1_2' title="bbox 786 964 3039 1054; baseline 0.004 -25"><span class='ocrx_word' id='word_1_3' title='bbox 786 964 1123 1048; x_wconf 81' lang='grc' dir='ltr'><strong><em>πλεονάζειν</em></strong></span> <span class='ocrx_word' id='word_1_4' title='bbox 1181 969 1261 1048; x_wconf 77' lang='grc' dir='ltr'><strong>τῷ</strong></span> <span class='ocrx_word' id='word_1_5' title='bbox 1323 965 1491 1048; x_wconf 85' lang='grc' dir='ltr'><strong><em>βάρει</em></strong></span> <span class='ocrx_word' id='word_1_6' title='bbox 1550 972 1666 1032; x_wconf 81' lang='grc' dir='ltr'><strong>τῶν</strong></span> <span class='ocrx_word' id='word_1_7' title='bbox 1724 968 2038 1049; x_wconf 75' lang='grc' dir='ltr'><strong><em>προσώπων</em></strong></span> <span class='ocrx_word' id='word_1_8' title='bbox 2083 968 2446 1051; x_wconf 75' lang='grc' dir='ltr'><strong><em>κωμῳδεῖται</em></strong></span> <span class='ocrx_word' id='word_1_9' title='bbox 2491 971 2629 1052; x_wconf 87' lang='grc' dir='ltr'><strong><em>παρ’</em></strong></span> <span class='ocrx_word' id='word_1_10' title='bbox 2676 972 3039 1054; x_wconf 70' lang='grc' dir='ltr'><strong><em>Ἀριστοφά-</em></strong></span> 
     </span>
     <span class='ocr_line' id='line_1_3' title="bbox 788 1080 3035 1166; baseline 0.004 -22"><span class='ocrx_word' id='word_1_11' title='bbox 788 1104 931 1154; x_wconf 84' lang='grc' dir='ltr'><strong><em>νους.</em></strong></span> <span class='ocrx_word' id='word_1_12' title='bbox 996 1082 1056 1145; x_wconf 91' lang='grc' dir='ltr'><strong>έν</strong></span> <span class='ocrx_word' id='word_1_13' title='bbox 1118 1082 1229 1160; x_wconf 84' lang='grc' dir='ltr'><strong><em>μὲν</em></strong></span> <span class='ocrx_word' id='word_1_14' title='bbox 1290 1080 1406 1163; x_wconf 73' lang='grc' dir='ltr'><strong><em>γὰρ</em></strong></span> <span class='ocrx_word' id='word_1_15' title='bbox 1464 1090 1540 1163; x_wconf 71' lang='grc' dir='ltr'><strong>τῇ</strong></span> <span class='ocrx_word' id='word_1_16' title='bbox 1602 1082 1796 1163; x_wconf 69' lang='grc' dir='ltr'><strong><em>Νιόβῃ</em></strong></span> <span class='ocrx_word' id='word_1_17' title='bbox 1859 1083 2056 1161; x_wconf 76' lang='grc' dir='ltr'><strong><em>Νιόβη</em></strong></span> <span class='ocrx_word' id='word_1_18' title='bbox 2120 1081 2225 1157; x_wconf 76' lang='grc' dir='ltr'><strong>ἕως</strong></span> <span class='ocrx_word' id='word_1_19' title='bbox 2269 1084 2456 1164; x_wconf 81' lang='grc' dir='ltr'><strong><em>τρίτου</em></strong></span> <span class='ocrx_word' id='word_1_20' title='bbox 2502 1085 2706 1166; x_wconf 75' lang='grc' dir='ltr'><strong><em>μέρους</em></strong></span> <span class='ocrx_word' id='word_1_21' title='bbox 2753 1087 3035 1162; x_wconf 79' lang='grc' dir='ltr'><strong><em>ἐπικαθη-</em></strong></span> 
     </span>
     <span class='ocr_line' id='line_1_4' title="bbox 785 1194 3035 1287; baseline 0.004 -29"><span class='ocrx_word' id='word_1_22' title='bbox 785 1194 932 1272; x_wconf 81' lang='grc' dir='ltr'><strong><em>μένη</em></strong></span> <span class='ocrx_word' id='word_1_23' title='bbox 958 1243 1149 1260; x_wconf 92' lang='grc'><strong>.....</strong></span> <span class='ocrx_word' id='word_1_24' title='bbox 1213 1195 1371 1260; x_wconf 77' lang='grc' dir='ltr'><strong><em>οὐδὲν</em></strong></span> <span class='ocrx_word' id='word_1_25' title='bbox 1432 1196 1771 1278; x_wconf 80' lang='grc' dir='ltr'><strong><em>Φθέγγεται</em></strong></span> <span class='ocrx_word' id='word_1_26' title='bbox 1829 1198 1951 1263; x_wconf 80' lang='grc' dir='ltr'><strong>κτὲ.</strong></span> <span class='ocrx_word' id='word_1_27' title='bbox 2017 1198 2188 1264; x_wconf 90' lang='lat' dir='ltr'><strong>Addi</strong></span> <span class='ocrx_word' id='word_1_28' title='bbox 2244 1205 2450 1284; x_wconf 85' lang='lat' dir='ltr'><strong>potest</strong></span> <span class='ocrx_word' id='word_1_29' title='bbox 2493 1199 2706 1265; x_wconf 86' lang='lat' dir='ltr'><strong>drama</strong></span> <span class='ocrx_word' id='word_1_30' title='bbox 2749 1200 2920 1287; x_wconf 86' lang='lat' dir='ltr'><strong>Mysi</strong></span> <span class='ocrx_word' id='word_1_31' title='bbox 2966 1201 3035 1266; x_wconf 90' lang='lat' dir='ltr'><strong>in</strong></span> 
     </span>
     <span class='ocr_line' id='line_1_5' title="bbox 786 1307 3039 1399; baseline 0.004 -27"><span class='ocrx_word' id='word_1_32' title='bbox 786 1331 913 1393; x_wconf 90' lang='lat' dir='ltr'><strong>quo</strong></span> <span class='ocrx_word' id='word_1_33' title='bbox 973 1307 1209 1391; x_wconf 74' lang='grc' dir='ltr'><strong><em>ἄφωνος</em></strong></span> <span class='ocrx_word' id='word_1_34' title='bbox 1270 1309 1562 1395; x_wconf 79' lang='lat' dir='ltr'><strong>prodibat</strong></span> <span class='ocrx_word' id='word_1_35' title='bbox 1619 1311 1958 1398; x_wconf 79' lang='lat' dir='ltr'><strong>TelephuS,</strong></span> <span class='ocrx_word' id='word_1_36' title='bbox 2009 1311 2087 1377; x_wconf 78' lang='lat' dir='ltr'><strong>cf.</strong></span> <span class='ocrx_word' id='word_1_37' title='bbox 2137 1311 2385 1378; x_wconf 81' lang='lat' dir='ltr'><strong>Nauck.</strong></span> <span class='ocrx_word' id='word_1_38' title='bbox 2433 1313 2506 1377; x_wconf 82' lang='lat' dir='ltr'><strong>fr.</strong></span> <span class='ocrx_word' id='word_1_39' title='bbox 2557 1313 2718 1399; x_wconf 78' lang='lat' dir='ltr'><strong>Mys.</strong></span> <span class='ocrx_word' id='word_1_40' title='bbox 2767 1314 2844 1379; x_wconf 91' lang='lat' dir='ltr'><strong>In</strong></span> <span class='ocrx_word' id='word_1_41' title='bbox 2891 1313 3039 1381; x_wconf 88' lang='lat' dir='ltr'><strong>Pro·</strong></span> 
     </span>
     <span class='ocr_line' id='line_1_6' title="bbox 786 1420 3038 1515; baseline 0.004 -30"><span class='ocrx_word' id='word_1_42' title='bbox 786 1420 1038 1486; x_wconf 83' lang='lat' dir='ltr'><strong>metheo</strong></span> <span class='ocrx_word' id='word_1_43' title='bbox 1098 1445 1225 1487; x_wconf 94' lang='lat' dir='ltr'><strong>non</strong></span> <span class='ocrx_word' id='word_1_44' title='bbox 1288 1425 1462 1509; x_wconf 91' lang='lat' dir='ltr'><strong>prius</strong></span> <span class='ocrx_word' id='word_1_45' title='bbox 1508 1425 1792 1511; x_wconf 85' lang='lat' dir='ltr'><strong>loquitur</strong></span> <span class='ocrx_word' id='word_1_46' title='bbox 1838 1424 2251 1491; x_wconf 80' lang='lat' dir='ltr'>Prometheus</span> <span class='ocrx_word' id='word_1_47' title='bbox 2296 1447 2483 1511; x_wconf 88' lang='lat' dir='ltr'><strong>quam</strong></span> <span class='ocrx_word' id='word_1_48' title='bbox 2530 1426 2928 1515; x_wconf 82' lang='lat' dir='ltr'><strong>Hephaestus</strong></span> <span class='ocrx_word' id='word_1_49' title='bbox 2974 1438 3038 1495; x_wconf 92' lang='lat' dir='ltr'><strong>et</strong></span> 
     </span>
     <span class='ocr_line' id='line_1_7' title="bbox 785 1537 3033 1630; baseline 0.002 -25"><span class='ocrx_word' id='word_1_50' title='bbox 785 1538 1007 1605; x_wconf 81' lang='lat' dir='ltr'><strong>Cratos</strong></span> <span class='ocrx_word' id='word_1_51' title='bbox 1053 1537 1341 1605; x_wconf 87' lang='lat' dir='ltr'><strong>abierint.</strong></span> <span class='ocrx_word' id='word_1_52' title='bbox 1391 1539 1486 1605; x_wconf 91' lang='lat' dir='ltr'><strong>De</strong></span> <span class='ocrx_word' id='word_1_53' title='bbox 1529 1540 1792 1606; x_wconf 86' lang='lat' dir='ltr'><strong>Hecuba</strong></span> <span class='ocrx_word' id='word_1_54' title='bbox 1833 1542 1899 1606; x_wconf 91' lang='lat' dir='ltr'><strong>in</strong></span> <span class='ocrx_word' id='word_1_55' title='bbox 1937 1539 2286 1608; x_wconf 86' lang='lat' dir='ltr'>Troadibus</span> <span class='ocrx_word' id='word_1_56' title='bbox 2322 1541 2474 1607; x_wconf 91' lang='lat' dir='ltr'><strong>Eur.</strong></span> <span class='ocrx_word' id='word_1_57' title='bbox 2512 1543 2587 1609; x_wconf 78' lang='lat' dir='ltr'><strong>cf.</strong></span> <span class='ocrx_word' id='word_1_58' title='bbox 2613 1543 2915 1630; x_wconf 84' lang='lat' dir='ltr'><strong>Epimetr.</strong></span> <span class='ocrx_word' id='word_1_59' title='bbox 2941 1544 3033 1610; x_wconf 91' lang='lat' dir='ltr'><strong>II.</strong></span> 
     </span>
    </p>
   </div>
   <div class='ocr_carea' id='block_1_3' title="bbox 781 1757 3029 2080">
    <p class='ocr_par' dir='ltr' id='par_1_3' title="bbox 781 1757 3029 2080">
     <span class='ocr_line' id='line_1_8' title="bbox 788 1757 2609 1849; baseline 0.004 -22"><span class='ocrx_word' id='word_1_60' title='bbox 788 1764 894 1830; x_wconf 90' lang='lat' dir='ltr'><strong>Vs.</strong></span> <span class='ocrx_word' id='word_1_61' title='bbox 942 1757 1104 1828; x_wconf 83' lang='grc'>838.</span> <span class='ocrx_word' id='word_1_62' title='bbox 1177 1763 1374 1845; x_wconf 85' lang='grc' dir='ltr'><strong><em>ἔχοντ’</em></strong></span> <span class='ocrx_word' id='word_1_63' title='bbox 1423 1764 1716 1846; x_wconf 84' lang='grc' dir='ltr'><strong><em>ἀχάλινον</em></strong></span> <span class='ocrx_word' id='word_1_64' title='bbox 1760 1767 2017 1848; x_wconf 75' lang='grc' dir='ltr'><strong><em>ἀκρατὲς</em></strong></span> <span class='ocrx_word' id='word_1_65' title='bbox 2064 1766 2344 1849; x_wconf 82' lang='grc' dir='ltr'><strong><em>ἀθύρωτον</em></strong></span> <span class='ocrx_word' id='word_1_66' title='bbox 2390 1769 2609 1847; x_wconf 96' lang='grc' dir='ltr'><strong><em>στόμα.</em></strong></span> 
     </span>
     <span class='ocr_line' id='line_1_9' title="bbox 873 1878 3029 1964; baseline 0.002 -22"><span class='ocrx_word' id='word_1_67' title='bbox 873 1879 966 1943; x_wconf 84' lang='lat' dir='ltr'><strong>Ex</strong></span> <span class='ocrx_word' id='word_1_68' title='bbox 1012 1878 1164 1943; x_wconf 90' lang='lat' dir='ltr'><strong>Eur.</strong></span> <span class='ocrx_word' id='word_1_69' title='bbox 1210 1879 1286 1942; x_wconf 88' lang='lat' dir='ltr'><strong>fr.</strong></span> <span class='ocrx_word' id='word_1_70' title='bbox 1337 1883 1464 1944; x_wconf 84' lang='lat'><strong>495</strong></span> <span class='ocrx_word' id='word_1_71' title='bbox 1512 1879 1764 1961; x_wconf 88' lang='grc' dir='ltr'><strong><em>ἀχάλιν’</em></strong></span> <span class='ocrx_word' id='word_1_72' title='bbox 1812 1880 2018 1961; x_wconf 89' lang='grc' dir='ltr'><strong><em>ἔχουσι</em></strong></span> <span class='ocrx_word' id='word_1_73' title='bbox 2064 1881 2361 1960; x_wconf 84' lang='grc' dir='ltr'><strong><em>στόματα.</em></strong></span> <span class='ocrx_word' id='word_1_74' title='bbox 2411 1881 2634 1947; x_wconf 88' lang='lat' dir='ltr'><strong>Bacch.</strong></span> <span class='ocrx_word' id='word_1_75' title='bbox 2685 1884 2813 1947; x_wconf 86' lang='lat'><strong>386</strong></span> <span class='ocrx_word' id='word_1_76' title='bbox 2858 1884 3029 1964; x_wconf 81' lang='grc' dir='ltr'><strong><em>ἀχα-</em></strong></span> 
     </span>
     <span class='ocr_line' id='line_1_10' title="bbox 781 1995 2724 2080; baseline 0.002 -21"><span class='ocrx_word' id='word_1_77' title='bbox 781 1996 946 2060; x_wconf 88' lang='grc' dir='ltr'><strong><em>λίνων</em></strong></span> <span class='ocrx_word' id='word_1_78' title='bbox 992 1995 1324 2073; x_wconf 87' lang='grc' dir='ltr'><strong><em>στομάτων,</em></strong></span> <span class='ocrx_word' id='word_1_79' title='bbox 1376 1996 1485 2061; x_wconf 89' lang='lat' dir='ltr'><strong>Or.</strong></span> <span class='ocrx_word' id='word_1_80' title='bbox 1538 1998 1667 2062; x_wconf 82' lang='lat'><strong>903</strong></span> <span class='ocrx_word' id='word_1_81' title='bbox 1715 1996 1855 2078; x_wconf 76' lang='grc' dir='ltr'><strong><em>ἀνήρ</em></strong></span> <span class='ocrx_word' id='word_1_82' title='bbox 1903 2022 1993 2070; x_wconf 76' lang='grc' dir='ltr'><strong>τις</strong></span> <span class='ocrx_word' id='word_1_83' title='bbox 2041 1996 2492 2080; x_wconf 72' lang='grc' dir='ltr'><strong><em>ἀθυρόγλωσσος.</em></strong></span> <span class='ocrx_word' id='word_1_84' title='bbox 2541 1997 2724 2063; x_wconf 87' lang='lat' dir='ltr'><strong>Ribb.</strong></span> 
     </span>
    </p>
   </div>
   <div class='ocr_carea' id='block_1_4' title="bbox 780 2213 3032 2766">
    <p class='ocr_par' dir='ltr' id='par_1_4' title="bbox 780 2213 3032 2766">
     <span class='ocr_line' id='line_1_11' title="bbox 783 2213 2366 2302; baseline 0.003 -20"><span class='ocrx_word' id='word_1_85' title='bbox 783 2221 888 2287; x_wconf 81' lang='lat' dir='ltr'><strong>Vs.</strong></span> <span class='ocrx_word' id='word_1_86' title='bbox 939 2213 1102 2283; x_wconf 82' lang='grc'>840.</span> <span class='ocrx_word' id='word_1_87' title='bbox 1174 2218 1407 2299; x_wconf 77' lang='grc' dir='ltr'><strong><em>ἄληθες,</em></strong></span> <span class='ocrx_word' id='word_1_88' title='bbox 1455 2216 1497 2284; x_wconf 78' lang='grc' dir='ltr'><strong><em>ὦ</em></strong></span> <span class='ocrx_word' id='word_1_89' title='bbox 1538 2228 1664 2286; x_wconf 82' lang='grc' dir='ltr'><strong><em>παῖ</em></strong></span> <span class='ocrx_word' id='word_1_90' title='bbox 1702 2230 1811 2296; x_wconf 78' lang='grc' dir='ltr'><strong>τῆς</strong></span> <span class='ocrx_word' id='word_1_91' title='bbox 1855 2221 2160 2302; x_wconf 71' lang='grc' dir='ltr'><strong><em>ἀρουραίας</em></strong></span> <span class='ocrx_word' id='word_1_92' title='bbox 2208 2223 2366 2299; x_wconf 77' lang='grc' dir='ltr'><strong><em>θεοῢ;</em></strong></span> 
     </span>
     <span class='ocr_line' id='line_1_12' title="bbox 871 2335 1764 2416; baseline -0.001 -16"><span class='ocrx_word' id='word_1_93' title='bbox 871 2335 1072 2400; x_wconf 88' lang='lat' dir='ltr'><strong>Schol.</strong></span> <span class='ocrx_word' id='word_1_94' title='bbox 1120 2335 1284 2416; x_wconf 79' lang='grc' dir='ltr'><strong><em>παρά</em></strong></span> <span class='ocrx_word' id='word_1_95' title='bbox 1326 2335 1408 2399; x_wconf 79' lang='grc' dir='ltr'><strong>τά</strong></span> <span class='ocrx_word' id='word_1_96' title='bbox 1455 2335 1764 2416; x_wconf 78' lang='grc' dir='ltr'><strong><em>Εὐριπίδου</em></strong></span> 
     </span>
     <span class='ocr_line' id='line_1_13' title="bbox 1183 2445 2403 2528; baseline 0.002 -15"><span class='ocrx_word' id='word_1_97' title='bbox 1183 2448 1416 2528; x_wconf 74' lang='grc' dir='ltr'><strong><em>ἄληθες,</em></strong></span> <span class='ocrx_word' id='word_1_98' title='bbox 1466 2445 1508 2513; x_wconf 78' lang='grc' dir='ltr'><em>ὦ</em></span> <span class='ocrx_word' id='word_1_99' title='bbox 1554 2458 1673 2514; x_wconf 84' lang='grc' dir='ltr'><strong><em>παῖ</em></strong></span> <span class='ocrx_word' id='word_1_100' title='bbox 1708 2458 1816 2523; x_wconf 79' lang='grc' dir='ltr'><strong>τῆς</strong></span> <span class='ocrx_word' id='word_1_101' title='bbox 1862 2452 2196 2523; x_wconf 78' lang='grc' dir='ltr'><strong><em>θαλασσίας</em></strong></span> <span class='ocrx_word' id='word_1_102' title='bbox 2245 2454 2403 2526; x_wconf 71' lang='grc' dir='ltr'><strong><em>θεοῦς</em></strong></span> 
     </span>
     <span class='ocr_line' id='line_1_14' title="bbox 872 2563 3032 2651; baseline 0 -21"><span class='ocrx_word' id='word_1_103' title='bbox 872 2565 974 2630; x_wconf 84' lang='lat' dir='ltr'><strong>Fr.</strong></span> <span class='ocrx_word' id='word_1_104' title='bbox 1041 2567 1189 2629; x_wconf 89' lang='grc'>878.</span> <span class='ocrx_word' id='word_1_105' title='bbox 1239 2563 1501 2650; x_wconf 79' lang='lat' dir='ltr'><strong>Propter</strong></span> <span class='ocrx_word' id='word_1_106' title='bbox 1550 2587 1667 2629; x_wconf 84' lang='lat' dir='ltr'><strong>vss.</strong></span> <span class='ocrx_word' id='word_1_107' title='bbox 1716 2567 1866 2645; x_wconf 82' lang='lat'><strong>855,</strong></span> <span class='ocrx_word' id='word_1_108' title='bbox 1919 2568 2050 2629; x_wconf 82' lang='lat'><strong>864</strong></span> <span class='ocrx_word' id='word_1_109' title='bbox 2096 2565 2368 2651; x_wconf 84' lang='lat' dir='ltr'>Telepho</span> <span class='ocrx_word' id='word_1_110' title='bbox 2413 2565 2583 2631; x_wconf 88' lang='lat' dir='ltr'><strong>hunc</strong></span> <span class='ocrx_word' id='word_1_111' title='bbox 2631 2589 2877 2631; x_wconf 85' lang='lat' dir='ltr'><strong>versum</strong></span> <span class='ocrx_word' id='word_1_112' title='bbox 2925 2567 3032 2631; x_wconf 88' lang='lat' dir='ltr'><strong>tri·</strong></span> 
     </span>
     <span class='ocr_line' id='line_1_15' title="bbox 780 2678 3028 2766; baseline 0 -23"><span class='ocrx_word' id='word_1_113' title='bbox 780 2679 918 2745; x_wconf 86' lang='lat' dir='ltr'><strong>buit</strong></span> <span class='ocrx_word' id='word_1_114' title='bbox 977 2680 1331 2764; x_wconf 88' lang='lat' dir='ltr'><strong>Musgrave.</strong></span> <span class='ocrx_word' id='word_1_115' title='bbox 1388 2685 1548 2752; x_wconf 79' lang='grc' dir='ltr'><strong><em>Παῖς</em></strong></span> <span class='ocrx_word' id='word_1_116' title='bbox 1612 2679 1659 2743; x_wconf 96' lang='grc' dir='ltr'><strong>θ.</strong></span> <span class='ocrx_word' id='word_1_117' title='bbox 1722 2680 1768 2743; x_wconf 91' lang='grc' dir='ltr'><strong>θ.</strong></span> <span class='ocrx_word' id='word_1_118' title='bbox 1836 2686 1932 2744; x_wconf 84' lang='lat' dir='ltr'><strong>est</strong></span> <span class='ocrx_word' id='word_1_119' title='bbox 1978 2678 2272 2744; x_wconf 85' lang='lat' dir='ltr'><strong>Achilles.</strong></span> <span class='ocrx_word' id='word_1_120' title='bbox 2322 2679 2419 2745; x_wconf 79' lang='lat' dir='ltr'><strong>Cf.</strong></span> <span class='ocrx_word' id='word_1_121' title='bbox 2468 2680 2543 2744; x_wconf 90' lang='lat' dir='ltr'><strong>ad</strong></span> <span class='ocrx_word' id='word_1_122' title='bbox 2592 2678 2779 2766; x_wconf 85' lang='lat' dir='ltr'><strong>Vesp.</strong></span> <span class='ocrx_word' id='word_1_123' title='bbox 2835 2683 3028 2745; x_wconf 83' lang='lat'><strong>1518.</strong></span> 
     </span>
    </p>
   </div>
   <div class='ocr_carea' id='block_1_5' title="bbox 776 2793 2163 2876">
    <p class='ocr_par' dir='ltr' id='par_1_5' title="bbox 776 2793 2163 2876">
     <span class='ocr_line' id='line_1_16' title="bbox 776 2793 2163 2876; baseline -0.002 -16"><span class='ocrx_word' id='word_1_124' title='bbox 776 2794 870 2860; x_wconf 92' lang='lat' dir='ltr'><strong>De</strong></span> <span class='ocrx_word' id='word_1_125' title='bbox 923 2793 1282 2876; x_wconf 82' lang='grc' dir='ltr'><strong><em>πτωχοποιέ,</em></strong></span> <span class='ocrx_word' id='word_1_126' title='bbox 1332 2816 1417 2859; x_wconf 78' lang='grc' dir='ltr'><strong><em>νε.</em></strong></span> <span class='ocrx_word' id='word_1_127' title='bbox 1470 2796 1621 2874; x_wconf 76' lang='lat'><strong>842,</strong></span> <span class='ocrx_word' id='word_1_128' title='bbox 1671 2793 1746 2859; x_wconf 82' lang='lat' dir='ltr'><strong>cf.</strong></span> <span class='ocrx_word' id='word_1_129' title='bbox 1800 2793 1958 2858; x_wconf 85' lang='lat' dir='ltr'><strong>Ach.</strong></span> <span class='ocrx_word' id='word_1_130' title='bbox 2010 2796 2163 2857; x_wconf 77' lang='lat'><strong>412.</strong></span> 
     </span>
    </p>
   </div>
   <div class='ocr_carea' id='block_1_6' title="bbox 771 3013 3121 3790">
    <p class='ocr_par' dir='ltr' id='par_1_6' title="bbox 771 3013 3121 3790">
     <span class='ocr_line' id='line_1_17' title="bbox 775 3013 2720 3101; baseline 0.002 -20"><span class='ocrx_word' id='word_1_131' title='bbox 775 3019 882 3085; x_wconf 89' lang='lat' dir='ltr'><strong>Vs.</strong></span> <span class='ocrx_word' id='word_1_132' title='bbox 933 3013 1095 3083; x_wconf 82' lang='grc'>844.</span> <span class='ocrx_word' id='word_1_133' title='bbox 1167 3018 1270 3084; x_wconf 74' lang='grc' dir='ltr'><strong><em>καὶ</em></strong></span> <span class='ocrx_word' id='word_1_134' title='bbox 1319 3019 1408 3099; x_wconf 66' lang='grc' dir='ltr'><strong><em>μὴ</em></strong></span> <span class='ocrx_word' id='word_1_135' title='bbox 1452 3019 1591 3100; x_wconf 80' lang='grc' dir='ltr'><strong><em>πρὸς</em></strong></span> <span class='ocrx_word' id='word_1_136' title='bbox 1636 3019 1808 3101; x_wconf 67' lang='grc' dir='ltr'><strong><em>ὀργὴν</em></strong></span> <span class='ocrx_word' id='word_1_137' title='bbox 1853 3019 2198 3099; x_wconf 85' lang='grc' dir='ltr'><strong><em>σπλάγχνα</em></strong></span> <span class='ocrx_word' id='word_1_138' title='bbox 2237 3019 2516 3098; x_wconf 67' lang='grc' dir='ltr'><strong><em>θερμήνῃς</em></strong></span> <span class='ocrx_word' id='word_1_139' title='bbox 2552 3020 2720 3099; x_wconf 82' lang='grc' dir='ltr'><strong><em>κότῳ.</em></strong></span> 
     </span>
     <span class='ocr_line' id='line_1_18' title="bbox 867 3129 3030 3219; baseline -0 -21"><span class='ocrx_word' id='word_1_140' title='bbox 867 3133 1201 3219; x_wconf 87' lang='lat' dir='ltr'><strong>Dionysus,</strong></span> <span class='ocrx_word' id='word_1_141' title='bbox 1252 3133 1365 3218; x_wconf 90' lang='lat' dir='ltr'><strong>qui</strong></span> <span class='ocrx_word' id='word_1_142' title='bbox 1409 3133 1532 3197; x_wconf 88' lang='lat' dir='ltr'><strong>iam</strong></span> <span class='ocrx_word' id='word_1_143' title='bbox 1583 3136 1711 3197; x_wconf 83' lang='lat'><strong>835</strong></span> <span class='ocrx_word' id='word_1_144' title='bbox 1761 3133 2129 3219; x_wconf 76' lang='lat' dir='ltr'><strong>Euripidem</strong></span> <span class='ocrx_word' id='word_1_145' title='bbox 2179 3131 2379 3198; x_wconf 86' lang='lat' dir='ltr'><strong>verbis</strong></span> <span class='ocrx_word' id='word_1_146' title='bbox 2425 3129 2466 3197; x_wconf 79' lang='grc' dir='ltr'><em>ὦ</em></span> <span class='ocrx_word' id='word_1_147' title='bbox 2512 3133 2764 3211; x_wconf 77' lang='grc' dir='ltr'><strong><em>δαιμόνι’</em></strong></span> <span class='ocrx_word' id='word_1_148' title='bbox 2810 3134 3030 3215; x_wconf 79' lang='grc' dir='ltr'><strong><em>ἀνδρῶν</em></strong></span> 
     </span>
     <span class='ocr_line' id='line_1_19' title="bbox 773 3246 3025 3333; baseline -0 -22"><span class='ocrx_word' id='word_1_149' title='bbox 773 3247 1087 3313; x_wconf 83' lang='lat' dir='ltr'><strong>allocutus</strong></span> <span class='ocrx_word' id='word_1_150' title='bbox 1154 3253 1306 3327; x_wconf 88' lang='lat' dir='ltr'><strong>erat,</strong></span> <span class='ocrx_word' id='word_1_151' title='bbox 1382 3247 1483 3312; x_wconf 73' lang='lat' dir='ltr'><strong>hic</strong></span> <span class='ocrx_word' id='word_1_152' title='bbox 1544 3268 1797 3331; x_wconf 88' lang='lat' dir='ltr'><strong>quoque</strong></span> <span class='ocrx_word' id='word_1_153' title='bbox 1859 3247 2105 3333; x_wconf 85' lang='lat' dir='ltr'><strong>poetice</strong></span> <span class='ocrx_word' id='word_1_154' title='bbox 2169 3246 2469 3332; x_wconf 84' lang='lat' dir='ltr'><strong>loquitur.</strong></span> <span class='ocrx_word' id='word_1_155' title='bbox 2532 3246 2683 3311; x_wconf 91' lang='lat' dir='ltr'><strong>Eur.</strong></span> <span class='ocrx_word' id='word_1_156' title='bbox 2747 3246 2847 3310; x_wconf 88' lang='lat' dir='ltr'><strong>El.</strong></span> <span class='ocrx_word' id='word_1_157' title='bbox 2894 3250 3025 3310; x_wconf 82' lang='lat'><strong>402</strong></span> 
     </span>
     <span class='ocr_line' id='line_1_20' title="bbox 771 3336 3023 3447; baseline -0.001 -21"><span class='ocrx_word' id='word_1_158' title='bbox 771 3368 937 3445; x_wconf 81' lang='grc' dir='ltr'><strong><em>χαρᾷ</em></strong></span> <span class='ocrx_word' id='word_1_159' title='bbox 999 3361 1459 3443; x_wconf 62' lang='grc' dir='ltr'><strong><em>θερμαινόμεσθα</em></strong></span> <span class='ocrx_word' id='word_1_160' title='bbox 1520 3361 1780 3443; x_wconf 77' lang='grc' dir='ltr'><strong><em>καρδίαν.</em></strong></span> <span class='ocrx_word' id='word_1_161' title='bbox 1851 3363 1954 3425; x_wconf 88' lang='lat' dir='ltr'><strong>An</strong></span> <span class='ocrx_word' id='word_1_162' title='bbox 2004 3360 2256 3447; x_wconf 87' lang='lat' dir='ltr'><strong>parodia</strong></span> <span class='ocrx_word' id='word_1_163' title='bbox 2298 3336 2383 3424; x_wconf 79' lang='lat' dir='ltr'><strong>sit</strong></span> <span class='ocrx_word' id='word_1_164' title='bbox 2426 3361 2755 3426; x_wconf 88' lang='lat' dir='ltr'><strong>nescimus.</strong></span> <span class='ocrx_word' id='word_1_165' title='bbox 2807 3359 3023 3425; x_wconf 82' lang='lat' dir='ltr'><strong>Kock:</strong></span> 
     </span>
     <span class='ocr_line' id='line_1_21' title="bbox 772 3467 3121 3560; baseline -0.001 -20"><span class='ocrx_word' id='word_1_166' title='bbox 772 3475 959 3554; x_wconf 90' lang='lat' dir='ltr'><strong>„Der</strong></span> <span class='ocrx_word' id='word_1_167' title='bbox 1006 3499 1142 3540; x_wconf 89' lang='lat' dir='ltr'><strong>vers</strong></span> <span class='ocrx_word' id='word_1_168' title='bbox 1188 3476 1432 3541; x_wconf 86' lang='lat' dir='ltr'><strong>scheint</strong></span> <span class='ocrx_word' id='word_1_169' title='bbox 1479 3477 1620 3541; x_wconf 87' lang='lat' dir='ltr'><strong>eine</strong></span> <span class='ocrx_word' id='word_1_170' title='bbox 1666 3475 1933 3541; x_wconf 86' lang='lat' dir='ltr'><strong>Parodie</strong></span> <span class='ocrx_word' id='word_1_171' title='bbox 1980 3498 2058 3540; x_wconf 88' lang='lat' dir='ltr'><strong>zu</strong></span> <span class='ocrx_word' id='word_1_172' title='bbox 2108 3476 2236 3540; x_wconf 89' lang='lat' dir='ltr'><strong>sein</strong></span> <span class='ocrx_word' id='word_1_173' title='bbox 2287 3498 2407 3540; x_wconf 84' lang='lat' dir='ltr'><strong>von</strong></span> <span class='ocrx_word' id='word_1_174' title='bbox 2454 3475 2606 3540; x_wconf 91' lang='lat' dir='ltr'><strong>Eur.</strong></span> <span class='ocrx_word' id='word_1_175' title='bbox 2653 3475 2825 3560; x_wconf 78' lang='lat' dir='ltr'><strong>Cycl.</strong></span> <span class='ocrx_word' id='word_1_176' title='bbox 2869 3478 3022 3554; x_wconf 61' lang='lat'><strong>4243</strong></span> <span class='ocrx_word' id='word_1_177' title='bbox 3085 3467 3121 3495; x_wconf 82' lang='grc'><strong>’“</strong></span> 
     </span>
     <span class='ocr_line' id='line_1_22' title="bbox 771 3587 3069 3679; baseline 0 -24"><span class='ocrx_word' id='word_1_178' title='bbox 771 3591 885 3668; x_wconf 77' lang='grc' dir='ltr'><strong>ἐγὼ</strong></span> <span class='ocrx_word' id='word_1_179' title='bbox 946 3590 1001 3654; x_wconf 74' lang='grc' dir='ltr'><strong>δ’</strong></span> <span class='ocrx_word' id='word_1_180' title='bbox 1063 3588 1372 3670; x_wconf 75' lang='grc' dir='ltr'><strong><em>ἐπεγχέων</em></strong></span> <span class='ocrx_word' id='word_1_181' title='bbox 1412 3587 1422 3679; x_wconf 87' lang='grc' dir='ltr'>Ι</span> <span class='ocrx_word' id='word_1_182' title='bbox 1463 3590 1658 3664; x_wconf 75' lang='grc' dir='ltr'><strong><em>ἄλλην</em></strong></span> <span class='ocrx_word' id='word_1_183' title='bbox 1716 3590 1814 3654; x_wconf 79' lang='grc' dir='ltr'><strong>ἐπ’</strong></span> <span class='ocrx_word' id='word_1_184' title='bbox 1874 3588 2035 3669; x_wconf 68' lang='grc' dir='ltr'><strong><em>ἄλλῃ</em></strong></span> <span class='ocrx_word' id='word_1_185' title='bbox 2101 3588 2417 3669; x_wconf 75' lang='grc' dir='ltr'><strong><em>σπλάγχν’</em></strong></span> <span class='ocrx_word' id='word_1_186' title='bbox 2476 3589 2797 3669; x_wconf 81' lang='grc' dir='ltr'><strong><em>ἐθέρμαινον</em></strong></span> <span class='ocrx_word' id='word_1_187' title='bbox 2844 3593 3021 3671; x_wconf 77' lang='grc' dir='ltr'><strong><em>ποτῷ.</em></strong></span> <span class='ocrx_word' id='word_1_188' title='bbox 3059 3658 3069 3666; x_wconf 67' lang='lat'><em>,</em></span> 
     </span>
     <span class='ocr_line' id='line_1_23' title="bbox 771 3703 3019 3790; baseline -0.001 -21"><span class='ocrx_word' id='word_1_189' title='bbox 771 3704 892 3769; x_wconf 83' lang='lat' dir='ltr'><strong>Cui</strong></span> <span class='ocrx_word' id='word_1_190' title='bbox 940 3703 1270 3768; x_wconf 87' lang='lat' dir='ltr'><strong>assentirer</strong></span> <span class='ocrx_word' id='word_1_191' title='bbox 1317 3704 1369 3768; x_wconf 89' lang='lat' dir='ltr'><strong>si</strong></span> <span class='ocrx_word' id='word_1_192' title='bbox 1410 3703 1749 3790; x_wconf 80' lang='lat' dir='ltr'><strong>Euripides</strong></span> <span class='ocrx_word' id='word_1_193' title='bbox 1787 3709 1958 3784; x_wconf 83' lang='grc' dir='ltr'><strong><em>κότῳ,</em></strong></span> <span class='ocrx_word' id='word_1_194' title='bbox 2003 3703 2454 3790; x_wconf 80' lang='lat' dir='ltr'><strong>Aristophanes</strong></span> <span class='ocrx_word' id='word_1_195' title='bbox 2476 3704 2632 3784; x_wconf 73' lang='grc' dir='ltr'><strong><em>ποτῷ</em></strong></span> <span class='ocrx_word' id='word_1_196' title='bbox 2657 3703 3019 3789; x_wconf 76' lang='lat' dir='ltr'><strong>scripsisset.</strong></span> 
     </span>
    </p>
   </div>
   <div class='ocr_carea' id='block_1_7' title="bbox 766 3921 3027 4575">
    <p class='ocr_par' dir='ltr' id='par_1_7' title="bbox 766 3921 3027 4575">
     <span class='ocr_line' id='line_1_24' title="bbox 772 3921 2406 4008; baseline -0.001 -16"><span class='ocrx_word' id='word_1_197' title='bbox 772 3929 879 3997; x_wconf 87' lang='lat' dir='ltr'><strong>Vs.</strong></span> <span class='ocrx_word' id='word_1_198' title='bbox 931 3921 1094 3993; x_wconf 84' lang='grc'>849.</span> <span class='ocrx_word' id='word_1_199' title='bbox 1166 3924 1209 3992; x_wconf 80' lang='grc' dir='ltr'><em>ὦ</em></span> <span class='ocrx_word' id='word_1_200' title='bbox 1257 3928 1545 4008; x_wconf 68' lang='grc' dir='ltr'><strong><em>Κρητικὰς</em></strong></span> <span class='ocrx_word' id='word_1_201' title='bbox 1593 3924 1703 4005; x_wconf 77' lang='grc' dir='ltr'><strong><em>μὲν</em></strong></span> <span class='ocrx_word' id='word_1_202' title='bbox 1747 3925 2053 4004; x_wconf 88' lang='grc' dir='ltr'><strong><em>συλλέγων</em></strong></span> <span class='ocrx_word' id='word_1_203' title='bbox 2100 3926 2406 4006; x_wconf 77' lang='grc' dir='ltr'><strong><em>μονῳδίας.</em></strong></span> 
     </span>
     <span class='ocr_line' id='line_1_25' title="bbox 1169 4040 2709 4122; baseline -0.001 -16"><span class='ocrx_word' id='word_1_204' title='bbox 1169 4041 1405 4120; x_wconf 73' lang='grc' dir='ltr'><strong><em>γάμους</em></strong></span> <span class='ocrx_word' id='word_1_205' title='bbox 1450 4041 1503 4105; x_wconf 77' lang='grc' dir='ltr'><strong>δ’</strong></span> <span class='ocrx_word' id='word_1_206' title='bbox 1544 4041 1803 4114; x_wconf 81' lang='grc' dir='ltr'><strong><em>ἀνοσίους</em></strong></span> <span class='ocrx_word' id='word_1_207' title='bbox 1848 4040 2106 4122; x_wconf 78' lang='grc' dir='ltr'><strong><em>ἐσφέρων</em></strong></span> <span class='ocrx_word' id='word_1_208' title='bbox 2153 4041 2232 4113; x_wconf 80' lang='grc' dir='ltr'><strong><em>εἷς</em></strong></span> <span class='ocrx_word' id='word_1_209' title='bbox 2277 4040 2383 4113; x_wconf 68' lang='grc' dir='ltr'><strong>τὴν</strong></span> <span class='ocrx_word' id='word_1_210' title='bbox 2430 4040 2709 4120; x_wconf 76' lang='grc' dir='ltr'><strong><em>τέχνην.’</em></strong></span> 
     </span>
     <span class='ocr_line' id='line_1_26' title="bbox 857 4152 3027 4239; baseline -0.004 -15"><span class='ocrx_word' id='word_1_211' title='bbox 857 4156 1136 4225; x_wconf 83' lang='lat' dir='ltr'><strong>Creticas</strong></span> <span class='ocrx_word' id='word_1_212' title='bbox 1196 4153 1519 4219; x_wconf 86' lang='lat' dir='ltr'><strong>monodias</strong></span> <span class='ocrx_word' id='word_1_213' title='bbox 1582 4154 1995 4235; x_wconf 75' lang='grc' dir='ltr'><strong><em>ὑπορχήματα</em></strong></span> <span class='ocrx_word' id='word_1_214' title='bbox 2050 4176 2179 4218; x_wconf 90' lang='lat' dir='ltr'><strong>esse</strong></span> <span class='ocrx_word' id='word_1_215' title='bbox 2223 4175 2383 4237; x_wconf 85' lang='lat' dir='ltr'><strong>quae</strong></span> <span class='ocrx_word' id='word_1_216' title='bbox 2426 4152 2503 4217; x_wconf 88' lang='lat' dir='ltr'><strong>ab</strong></span> <span class='ocrx_word' id='word_1_217' title='bbox 2551 4153 2700 4239; x_wconf 91' lang='lat' dir='ltr'><strong>ipsis</strong></span> <span class='ocrx_word' id='word_1_218' title='bbox 2743 4152 3027 4217; x_wconf 77' lang='lat' dir='ltr'><strong>saltanti-</strong></span> 
     </span>
     <span class='ocr_line' id='line_1_27' title="bbox 769 4266 3025 4353; baseline -0.002 -19"><span class='ocrx_word' id='word_1_219' title='bbox 769 4267 886 4334; x_wconf 89' lang='lat' dir='ltr'><strong>bus</strong></span> <span class='ocrx_word' id='word_1_220' title='bbox 947 4275 1337 4346; x_wconf 80' lang='lat' dir='ltr'><strong>canerentur,</strong></span> <span class='ocrx_word' id='word_1_221' title='bbox 1403 4267 1693 4353; x_wconf 85' lang='lat' dir='ltr'><strong>exposuit</strong></span> <span class='ocrx_word' id='word_1_222' title='bbox 1740 4266 2026 4332; x_wconf 85' lang='lat' dir='ltr'><strong>Fritsche</strong></span> <span class='ocrx_word' id='word_1_223' title='bbox 2071 4290 2126 4332; x_wconf 90' lang='lat' dir='ltr'><strong>a.</strong></span> <span class='ocrx_word' id='word_1_224' title='bbox 2174 4266 2236 4330; x_wconf 90' lang='lat' dir='ltr'><strong>h.</strong></span> <span class='ocrx_word' id='word_1_225' title='bbox 2286 4266 2328 4331; x_wconf 94' lang='lat' dir='ltr'><strong>l.</strong></span> <span class='ocrx_word' id='word_1_226' title='bbox 2380 4266 2572 4346; x_wconf 87' lang='grc' dir='ltr'><strong><em>Γάμοι</em></strong></span> <span class='ocrx_word' id='word_1_227' title='bbox 2613 4266 2824 4331; x_wconf 89' lang='grc' dir='ltr'><strong><em>ἀνόσιοι</em></strong></span> <span class='ocrx_word' id='word_1_228' title='bbox 2873 4273 3025 4330; x_wconf 82' lang='lat' dir='ltr'><strong>sunt</strong></span> 
     </span>
     <span class='ocr_line' id='line_1_28' title="bbox 767 4379 3025 4464; baseline -0.002 -17"><span class='ocrx_word' id='word_1_229' title='bbox 767 4407 824 4448; x_wconf 81' lang='lat' dir='ltr'><strong>v.</strong></span> <span class='ocrx_word' id='word_1_230' title='bbox 888 4406 942 4447; x_wconf 92' lang='lat' dir='ltr'><strong>c.</strong></span> <span class='ocrx_word' id='word_1_231' title='bbox 1001 4381 1274 4446; x_wconf 86' lang='lat' dir='ltr'><strong>Macarei</strong></span> <span class='ocrx_word' id='word_1_232' title='bbox 1321 4389 1386 4445; x_wconf 87' lang='lat' dir='ltr'><strong>et</strong></span> <span class='ocrx_word' id='word_1_233' title='bbox 1435 4380 1707 4446; x_wconf 80' lang='lat' dir='ltr'><strong>Canaces</strong></span> <span class='ocrx_word' id='word_1_234' title='bbox 1754 4382 1819 4445; x_wconf 92' lang='lat' dir='ltr'><strong>in</strong></span> <span class='ocrx_word' id='word_1_235' title='bbox 1867 4379 2086 4444; x_wconf 83' lang='lat' dir='ltr'><strong>Aeolo.</strong></span> <span class='ocrx_word' id='word_1_236' title='bbox 2134 4380 2311 4445; x_wconf 86' lang='lat' dir='ltr'><strong>Idem</strong></span> <span class='ocrx_word' id='word_1_237' title='bbox 2359 4380 2644 4464; x_wconf 89' lang='lat' dir='ltr'><strong>Euripidi</strong></span> <span class='ocrx_word' id='word_1_238' title='bbox 2691 4379 2847 4443; x_wconf 83' lang='lat' dir='ltr'><strong>vitio</strong></span> <span class='ocrx_word' id='word_1_239' title='bbox 2894 4402 3025 4443; x_wconf 81' lang='lat' dir='ltr'><strong>ver·</strong></span> 
     </span>
     <span class='ocr_line' id='line_1_29' title="bbox 766 4493 3019 4575; baseline -0.001 -14"><span class='ocrx_word' id='word_1_240' title='bbox 766 4498 846 4562; x_wconf 82' lang='lat' dir='ltr'><strong>tit</strong></span> <span class='ocrx_word' id='word_1_241' title='bbox 906 4499 1015 4561; x_wconf 88' lang='lat' dir='ltr'><strong>Ar.</strong></span> <span class='ocrx_word' id='word_1_242' title='bbox 1079 4517 1168 4561; x_wconf 85' lang='lat' dir='ltr'><strong>vs.</strong></span> <span class='ocrx_word' id='word_1_243' title='bbox 1236 4497 1426 4575; x_wconf 74' lang='lat'>1081,</span> <span class='ocrx_word' id='word_1_244' title='bbox 1473 4493 1649 4559; x_wconf 90' lang='lat' dir='ltr'><strong>Nub.</strong></span> <span class='ocrx_word' id='word_1_245' title='bbox 1704 4497 1896 4561; x_wconf 85' lang='lat'><strong>1371.</strong></span> <span class='ocrx_word' id='word_1_246' title='bbox 1945 4495 2269 4559; x_wconf 86' lang='lat' dir='ltr'><strong>Incestum</strong></span> <span class='ocrx_word' id='word_1_247' title='bbox 2319 4493 2587 4560; x_wconf 83' lang='lat' dir='ltr'><strong>Macarei</strong></span> <span class='ocrx_word' id='word_1_248' title='bbox 2634 4501 2700 4558; x_wconf 86' lang='lat' dir='ltr'><strong>et</strong></span> <span class='ocrx_word' id='word_1_249' title='bbox 2736 4494 3019 4561; x_wconf 83' lang='lat' dir='ltr'><strong>Canaces</strong></span> 
     </span>
    </p>
   </div>
   <div class='ocr_carea' id='block_1_8' title="bbox 768 4607 2290 4695">
    <p class='ocr_par' dir='ltr' id='par_1_8' title="bbox 768 4607 2290 4695">
     <span class='ocr_line' id='line_1_30' title="bbox 768 4607 2290 4695; baseline -0.003 -19"><span class='ocrx_word' id='word_1_250' title='bbox 768 4611 977 4693; x_wconf 72' lang='lat' dir='ltr'><strong>tangit</strong></span> <span class='ocrx_word' id='word_1_251' title='bbox 1021 4610 1209 4675; x_wconf 88' lang='lat' dir='ltr'><strong>etiam</strong></span> <span class='ocrx_word' id='word_1_252' title='bbox 1253 4608 1670 4695; x_wconf 83' lang='lat' dir='ltr'><strong>Antiphanes,</strong></span> <span class='ocrx_word' id='word_1_253' title='bbox 1717 4608 1914 4674; x_wconf 81' lang='lat' dir='ltr'><strong>Mein.</strong></span> <span class='ocrx_word' id='word_1_254' title='bbox 1964 4607 2072 4673; x_wconf 92' lang='grc' dir='ltr'><strong>ΙΙΙ</strong></span> <span class='ocrx_word' id='word_1_255' title='bbox 2116 4630 2179 4694; x_wconf 92' lang='lat' dir='ltr'><strong>p.</strong></span> <span class='ocrx_word' id='word_1_256' title='bbox 2233 4608 2290 4673; x_wconf 89' lang='grc'><strong>7.</strong></span> 
     </span>
    </p>
   </div>
  </div>
 </body>
</html>
