3875 5634
1797 799 2270 846 Acmmnsss.
3027 785 3107 847 11

1198 978 1274 1033 A.
1327 966 1480 1048 άτάρ
1525 968 1588 1031 οὐ
1636 967 1848 1047 λαχὼν
1893 966 2054 1046 ὅμως
2102 965 2347 1047 ἔλαχες,
2395 957 2635 1042 ἦν’νοῦν
2682 965 2849 1050 ἔχῃς.

1196 1092 1259 1146 Β.
1324 1084 1448 1154 πῶς
1492 1078 1560 1154 ἣν
1606 1079 1730 1161 ἔχω
1776 1086 2064 1158 νοῦν;-Α.
2114 1079 2199 1146 ὅτι
2245 1082 2462 1163 πονηρῷ
2511 1080 2615 1146 καὶ
2662 1079 2801 1163 ξένῳ

1309 1194 1611 1275 ἐπέλαχες
1655 1196 1835 1277 άνδρίὸ

915 1430 1020 1496 Vs.
1071 1423 1268 1520 400..
1621 1427 1663 1496 ὦ
1710 1433 2099 1532 τρισμακάρι’.
2132 1435 2434 1514 Εὐριπίδη,
2531 1489 2540 1500 .

1356 1544 1459 1612 38*
1498 1548 1525 1612 5
1574 1547 1774 1616 δοῦλος
1821 1546 2031 1612 οὑτωσὶ
2078 1551 2280 1628 σοφῶς
2328 1548 2710 1630 ὑποκρίνεται.

1003 1708 1210 1774 Schol.
1261 1709 1577 1787 διαβάλλει
1621 1711 1720 1775 τὸν
1758 1710 2085 1792 Εὐριπίδην
2126 1708 2210 1774 ἔτι
2251 1711 2461 1784 δεινοὺς
2500 1712 2719 1791 εἰσάγει
2756 1714 2889 1785 τοὺς
2926 1713 3160 1785 δούλους

911 1822 970 1886 ἕν
1029 1831 1102 1902 τῇ
1163 1823 1476 1906 τραγῳδίᾳ.
1544 1821 1736 1888 Hunc
1779 1824 1877 1888 vel
1930 1823 2236 1889 eiusmodi
2281 1824 2487 1889 locum
2535 1827 2866 1912 respexisse
2911 1826 3162 1891 videtur

914 1934 1217 2020 Origenes
1277 1960 1331 2002 c.
1390 1935 1551 2003 Cels.
1615 1936 1749 2002 VII
1807 1962 1868 2027 p.
1939 1942 2066 2004 720
2129 1940 2226 2005 ed.
2290 1940 2366 2005 de
2426 1940 2490 2004 la
2548 1940 2705 2022 Rue,
2752 1940 2931 2006 cuius
2978 1939 3162 2006 verba

911 2051 1152 2115 confert
1224 2049 1494 2117 Kuster:
1575 2053 1888 2133 Εὐριπίδης
1965 2054 2027 2118 δὲ
2103 2054 2214 2119 ὑπὸ
2274 2053 2732 2135 Ἀριστοφάνους
2798 2055 3162 2136 κωμῳδεῖται

913 2166 987 2238 ὥς
1033 2165 1459 2247 άκαιρορρήμων
1505 2166 1603 2232 δια
1648 2168 1714 2232 τὸ
1759 2166 2053 2240 πολλάκις
2096 2166 2540 2249 περιτεθεικέναι
2578 2166 2787 2256 λόγους
2821 2168 3159 2247 δογμάτων,

913 2275 987 2342 ὧν
1070 2280 1194 2344 άπὸ
1276 2276 1680 2361 Ἀναξαγόρου
1758 2280 1792 2355 ἤ
1876 2305 2029 2353 τινος
2109 2279 2310 2360 ἔμαθε
2376 2287 2489 2346 τῶν
2555 2285 2771 2360 σοφῶν,
2840 2281 3160 2364 βαρβάροις

915 2389 1185 2470 γυναιξὶν
1230 2392 1263 2468 ἢ
1312 2393 1574 2467 οἰκέταις.

1002 2504 1262 2591 Saepius
1306 2506 1752 2594 Aristophanes
1798 2507 1987 2573 verba
2034 2508 2413 2594 tragicorum
2462 2509 2534 2573 ad
2587 2509 2790 2574 iocum
2829 2507 3163 2593 detorquet

912 2640 1034 2684 non
1087 2626 1161 2684 ut
1205 2619 1639 2706 reprehendat,
1685 2621 1793 2686 sed
1844 2631 1919 2687 ut
1963 2623 2176 2707 gravia
2224 2621 2586 2708 vulgaribus
2625 2644 2997 2710 componens
3034 2624 3163 2688 ani·

914 2756 1045 2800 mos
1104 2734 1462 2800 auditorum
1523 2734 1891 2801 oblectetur.
1958 2735 2082 2802 Hic
2144 2744 2356 2802 tamen
2405 2735 2593 2802 ridet·
2614 2744 2689 2802 ut
2732 2736 3158 2823 reprehendat.

914 2847 1234 2935 Improbat
1292 2850 1457 2914 enim
1516 2849 1885 2937 Euripidem
1949 2851 2270 2916 interdum
2329 2874 2535 2916 servos
2599 2851 2890 2916 inducere
2963 2857 3161 2932 σοφῶς

914 2963 955 3027 i.
1001 2986 1055 3028 e.
1104 2964 1530 3051 philosophice
1575 2965 1925 3050 loquentes.
1968 2966 2068 3050 (cf.
2110 2964 2269 3029 Rau.
2314 2965 2463 3046 949)
2505 2962 2844 3029 Videamus
2883 2986 2962 3027 an
3002 2963 3160 3049 iure‚

915 3076 1102 3157 Quod
1162 3077 1496 3165 Euripides
1558 3079 1621 3143 id
1686 3079 1836 3144 fecit
1892 3101 1969 3143 ex
2029 3086 2205 3164 parte
2267 3076 2672 3143 tribuendum
2734 3086 2827 3141 est
2882 3078 3161 3164 opinioni

915 3214 1101 3277 quam
1177 3193 1255 3257 de
1314 3193 1503 3257 servis
1563 3191 1802 3272 habuit,
1866 3214 2156 3278 quaeque
2219 3193 2275 3256 ei
2339 3191 2558 3256 honori
2619 3191 2742 3255 fuit
2802 3213 3161 3277 quanquam

914 3327 1037 3370 non
1083 3305 1172 3371 sic
1215 3306 1533 3371 videretur
1580 3305 2010 3397 Aristophani.
2060 3304 2208 3370 Non
2258 3305 2422 3370 enim
2466 3302 2791 3369 verebatur
2831 3326 3163 3390 agnoscere

839 3466 848 3475 ·
915 3440 1120 3484 servos
1178 3420 1428 3484 nomine
1485 3427 1737 3483 tantum
1797 3417 1876 3484 ab
1938 3417 2232 3504 ingenuis
2293 3417 2557 3496 differre,
2624 3440 2679 3482 v.
2740 3441 2793 3483 c.
2843 3417 2981 3483 Ion.
3031 3421 3157 3483 555

917 3554 1073 3617 sqq„
1120 3531 1267 3598 Hel.
1322 3533 1445 3596 728
1484 3554 1640 3618 sqq„
1681 3533 1757 3597 fr.
1802 3536 1952 3613 514,
1997 3535 2147 3613 515,
2191 3534 2341 3597 828.
2382 3531 2502 3597 Sed
2529 3531 2654 3596 alia
2675 3533 2930 3597 accessit
2954 3555 3161 3597 causa.

914 3646 1313 3711 Existimavit
1355 3646 1689 3733 Euripides
1734 3646 1970 3731 grande
2008 3646 2256 3711 dicendi
2297 3668 2493 3731 genus
2511 3644 2731 3711 decere
2756 3647 3160 3733 tragoediam,

914 3781 1117 3844 neque
1179 3760 1486 3825 variarum
1547 3782 1974 3847 personarum,
2038 3781 2193 3844 quas
2240 3761 2306 3824 in
2351 3782 2532 3824 scena
2579 3760 2680 3846 agi
2727 3761 2948 3840 voluit,
3000 3760 3164 3826 sicut

916 3873 1241 3962 oportebat
1289 3874 1586 3940 rationem
1632 3873 1875 3940 habuit.

1003 3987 1252 4076 Inspice
1322 3987 1583 4054 Medeae
1645 4012 1732 4054 vs.
1799 3992 1884 4052 49
1947 4010 2081 4074 sqq.
2154 3997 2218 4054 et
2286 3989 2501 4054 audies
2566 4011 2807 4054 servum
2869 3989 3162 4054 ancillam

802 4186 806 4191 ,
914 4101 1329 4167 salutantem:

1387 4217 1641 4281 παλαιὸν
1686 4214 1848 4282 οἴκων
1893 4224 2107 4294 κτῆμα
2153 4216 2454 4291 δεσποίνης
2498 4217 2672 4295 ἐμῆς,

915 4386 1028 4443 aut
1073 4378 1308 4443 Alcest.
1355 4400 1443 4443 vs.
1496 4379 1617 4444 757
1633 4406 1652 4459 ς
1699 4377 1892 4444 habes
1935 4401 2184 4445 servum
2222 4387 2587 4464 querentem
2628 4381 2797 4468 quod
2833 4381 3161 4463 Hercules,

914 4512 1055 4556 cum
1117 4491 1332 4557 dolore
1392 4493 1651 4558 affectus
1713 4493 1797 4557 sit
1859 4491 2172 4571 dominus,
2220 4494 2286 4558 in
2336 4494 2472 4558 eius
2518 4493 2701 4558 domo
2745 4502 2924 4581 potet
2968 4503 3159 4579 atque

913 4602 1240 4690 epuletur:
