3875 5634
93 4150 133 4407 Rr-

936 719 1059 780 180
1657 734 2374 781 τειωκοειιοιιιησεη.

889 910 1236 968 contortam
1285 926 1361 968 ex
1408 903 1576 967 bisce
1623 904 2060 968 Andromedae
2106 904 2328 990 pannis
2368 926 2665 969 consuere
2708 926 3061 990 possumus,
3090 911 3156 970 et

890 1040 1035 1081 cum
1115 1018 1433 1095 λιτομέναν
1501 1025 1567 1082 et
1626 1018 1974 1098 φλέγουσαν
2036 1041 2179 1083 cum
2242 1019 2460 1097 γοᾶσθέ
2524 1043 2604 1096 με
2666 1019 2845 1104 iungi
2906 1020 3152 1107 possint

889 1133 1139 1217 (melius
1186 1134 1374 1196 etiam
1420 1134 1703 1210 λιτομένα
1751 1157 1893 1197 cum
1942 1133 2243 1216 πέπονθα),
2293 1156 2420 1197 non
2467 1155 2626 1220 opus
2675 1141 2770 1198 est
2817 1156 2963 1198 cum
3003 1132 3156 1198 Din-

890 1246 1083 1311 dorfio
1129 1247 1429 1333 suspicari
1477 1255 1624 1312 ante
1670 1251 1853 1328 φῶτα
1899 1247 2142 1331 aliquid
2189 1246 2511 1312 excidisse.

982 1361 1378 1427 Andromeda
1439 1360 1644 1428 verbis
1702 1366 1882 1442 φῶτα
1929 1363 2052 1426 κτὲ.
2102 1368 2340 1448 patrem
2389 1361 2553 1426 dixit
2599 1362 2696 1426 vel
2743 1384 2890 1427 eum
2940 1385 2976 1426 a
3023 1383 3150 1446 qno

887 1475 965 1539 ad
1028 1476 1355 1562 scopulum
1419 1476 1677 1561 alligata
1741 1483 1910 1556 erat3
1977 1475 2404 1542 Mnesilochus
2466 1470 3152 1563 Euripidemsmemor

890 1589 1197 1655 malorum
1261 1613 1423 1676 quae
1486 1591 1563 1656 ab
1630 1615 1702 1656 eo
1769 1613 2020 1676 gemens
2067 1592 2542 1676 lamentansque
2594 1614 2813 1679 passus
2863 1599 3016 1671 erat,
3064 1615 3153 1657 vs.

895 1706 1023 1766 222
1073 1727 1229 1790 sqq„
1279 1727 1465 1789 quam
1518 1706 1567 1769 si
1618 1704 1955 1790 relegimus
2004 1704 2357 1770 comoediae
2420 1713 2661 1792 partem
2709 1713 2973 1793 apparet
3015 1706 3151 1771 falli

888 1816 1295 1897 Fritschium,
1339 1820 1450 1904 qui
1503 1826 1575 1883 ut
1622 1818 1842 1906 probet
1885 1820 1984 1884 τὸν
2031 1824 2213 1899 Φῶτα
2261 1818 2551 1904 Scytham
2600 1843 2760 1885 esse:
2800 1870 2839 1899 ‚,
2863 1819 3157 1885 Mnesilo-

887 1979 928 2009 „
949 1931 1107 1996 chus
1162 1933 1418 1997 minime
1458 1933 1825 2019 Euripidem
1875 1940 2203 2017 rogaverat
2249 1955 2454 2018 neque
2504 1933 2957 2013 obsecraverat,
3001 1934 3155 1999 adeo

888 2052 1022 2123 „ut
1067 2068 1275 2131 nugae
1324 2048 1478 2111 istae
1525 2055 1717 2132 atque
1768 2047 2107 2127 mendacia,
2156 2052 2337 2129 φῶτα
2374 2047 2790 2134 (Euripidem)
2833 2047 3152 2126 λιτομέναν

899 2209 939 2239 „
961 2160 1107 2224 ferri
1153 2160 1336 2227 nullo
1385 2163 1571 2227 modo
1616 2164 1914 2246 queant.”

888 2373 995 2438 Vs,
1056 2366 1238 2439 1047
1288 2396 1423 2458 sqq.
1495 2374 1557 2439 ἰὼ
1605 2374 1810 2455 μοίρας
1857 2373 2121 2453 ἄτεγκτε
2165 2375 2404 2453 δαῖμον·
2452 2375 2574 2440 κτὲ.

981 2490 1380 2574 Quamquam
1405 2497 1572 2554 tacet
1596 2489 1939 2554 Scholiasta
1965 2489 2116 2554 haec
2142 2491 2272 2555 sine
2290 2489 2483 2554 dubio
2501 2489 2848 2576 Euripidea
2866 2488 3150 2555 habenda

887 2611 1058 2670 sunt.
1110 2603 1211 2668 Ad
1263 2607 1433 2668 1048
1481 2602 1770 2669 observat
1816 2602 1918 2669 Fr.
1966 2603 2154 2668 verba
2199 2605 2287 2669 ita
2332 2603 2409 2668 ab
2459 2606 2568 2668 Ar.
2618 2610 2864 2668 mutata
2904 2626 3038 2668 esse
3079 2609 3154 2667 ut

884 2717 1073 2804 plane
1135 2719 1448 2782 contraria
1506 2718 1797 2783 evaderet
1844 2719 2174 2783 sententia.
2225 2716 2686 2782 Andromedam
2735 2717 3147 2782 exclamasse:

884 2834 973 2907 τίς
1020 2834 1162 2913 ἐμὸν
1210 2829 1304 2898 οὖν
1350 2833 1641 2914 ἐπόψεται
1686 2834 1807 2898 κτὲ.
1860 2834 1954 2898 Ex
2000 2833 2165 2916 παρὰ
2210 2833 2553 2915 προσδοκίαν
2600 2832 2814 2898 addito
2863 2835 2961 2897 τὸν
3000 2832 3152 2911 βάρ-

885 2947 1065 3028 βαρον
1124 2972 1211 3012 vs.
1275 2951 1441 3013 1051
1494 2947 1851 3034 (Euripides
1896 2948 2154 3014 fortasse
2200 2948 2312 3013 τάν
2359 2948 2640 3028 δύσμορον
2689 2947 2772 3012 Ν.
2822 2947 2924 3011 vel
2969 2947 3144 3024 πάμ-

885 3086 1056 3144 μορον
1116 3061 1244 3148 Fr.)
1307 3062 1632 3149 probabile
1690 3065 1762 3127 fit
1820 3062 1928 3128 εἴθε
1985 3088 2066 3141 με
2109 3100 2200 3112 -
2244 3060 2558 3137 ἐξολέσειεν
2605 3062 2739 3148 ipsa
2785 3084 2917 3126 esse
2966 3059 3150 3126 Euri·

881 3176 1047 3262 pidis
1093 3174 1300 3241 verba.

977 3289 1262 3356 Obscura
1320 3298 1472 3356 sunt
1528 3313 1690 3375 quae
1753 3291 1819 3356 in
1881 3292 2005 3356 fine
2053 3291 2241 3356 huius
2289 3290 2618 3355 monodiae
2663 3289 2970 3374 leguntur
3014 3302 3150 3354 λαι-

882 3404 1179 3483 μοτόμητ’
1249 3443 1341 3453 -
1406 3406 1651 3486 πορείαν.
1720 3403 2037 3470 Fritsche:
2098 3403 2471 3482 λαιμότμητ’
2536 3402 2666 3483 άχη
2732 3403 2981 3480 δαιμόνι’
3028 3402 3152 3468 αἱό·

876 3533 992 3582 λαν
1034 3515 1043 3607 Ι
1084 3518 1306 3584 νέκυσιν
1368 3518 1467 3583 ἔπι
1529 3520 1779 3600 πορείαν,
1845 3520 1933 3582 ita
1979 3527 2052 3583 ut
2100 3518 2229 3598 ἄχη
2279 3525 2344 3581 et
2390 3517 2618 3598 πορείαν
2664 3517 2975 3602 appositio
3022 3517 3151 3581 sint

884 3633 1316 3717 praecedentis
1363 3635 1438 3705 ὥς
1485 3632 1865 3714 ἐκρεμάσθην,

959 3745 1139 3827 Quae
1188 3745 1472 3830 legitima
1519 3754 1685 3811 certe
1725 3755 1821 3811 est
1867 3747 2273 3823 constructio,
2316 3745 2392 3810 cf.
2429 3745 2584 3810 Eur.
2630 3745 2829 3811 Andr.
2863 3748 3013 3810 292.
3049 3744 3145 3810 El.

868 3861 1033 3939 2313
1109 3862 1221 3926 sed
1288 3884 1444 3926 num
1507 3861 1706 3942 πορεία
1768 3860 1868 3926 ἐπὶ
1917 3861 2141 3925 νέκυσιν
2188 3860 2248 3924 h.
2302 3860 2344 3923 l.
2398 3860 2710 3924 Graecum
2758 3860 2842 3925 sit
2889 3857 3132 3924 dubito.

874 3974 1076 4039 Affert
1151 3973 1436 4040 Fritsche
1493 3977 1757 4054 άπάγειν
1819 3974 1924 4048 τὴν
1987 3974 2087 4039 ἐπὶ
2152 3976 2399 4053 θανάτῳ,
2463 3973 2636 4059 quod
2697 3982 2913 4039 tamen
2959 3996 3142 4058 argu-

875 4097 1092 4153 mento
1142 4113 1272 4154 esse
1319 4092 1544 4174 nequit
1560 4118 1578 4169 ;
1628 4090 1877 4161 θάνατος
1926 4091 2092 4153 enim
2141 4112 2266 4154 non
2313 4089 2489 4154 locus
2537 4098 2634 4153 est
2680 4111 2807 4173 quo
2855 4089 2999 4173 quis
3047 4088 3149 4152 ab·

881 4201 1161 4284 ducitur,
1225 4211 1290 4269 et
1350 4203 1452 4269 ἐπὶ
1513 4205 1745 4284 θανάτῳ
1809 4204 2011 4267 valet:
2060 4212 2130 4267 ut
2177 4205 2486 4283 moriatur,
2534 4225 2592 4266 v.
2643 4225 2695 4267 c.
2738 4201 2899 4267 Xen.
2943 4201 3147 4267 Anab.

870 4316 904 4380 I
980 4319 1043 4396 6,
1114 4320 1231 4382 10:
1297 4316 1520 4396 ἔλαβον
1588 4327 1698 4393 τῆς
1744 4317 1930 4398 ζώνης
1977 4320 2075 4382 τὸν
2122 4317 2406 4397 Ὀρόνταν
2453 4315 2555 4381 ἐπὶ
2604 4315 2856 4398 θανάτῳ,
2907 4315 3143 4381 Herod.

867 4428 965 4493 IX
1023 4430 1147 4496 37:
1197 4430 1415 4505 ἔδησαν
1464 4432 1564 4497 ἐπὶ
1613 4431 1864 4514 θανάτῳ,
1911 4430 2021 4496 ΠΙ
2073 4435 2242 4496 119:
2292 4429 2463 4506 ἔδησε
2500 4431 2608 4504 τὴν
2654 4429 2754 4495 ἐπὶ
2804 4430 3054 4512 θανάτῳ.

960 4542 1163 4609 Locos
1210 4545 1444 4630 quibus
1489 4545 1799 4634 probetur
1845 4545 1946 4610 ἐπὶ
1995 4546 2218 4611 νέκυσιν
2264 4595 2306 4625 ,,
2328 4543 2406 4609 ad
2445 4543 2715 4610 inferos’'
2755 4544 2959 4610 valere
2995 4544 3152 4609 frus-
