3875 5634
899 748 1026 808 166
1862 761 2097 807 nasas.

846 934 923 1002 ὥς
969 929 1158 1007 „Duo-lv
1205 930 1232 993 ὅ
1279 930 1535 1007 κωμικὸς
1575 927 1703 1010 περὶ
1744 936 1852 1003 τῆς
1890 927 2233 1009 ’Ὑψιπύλης
2272 928 2463 1007 λέγων
2499 937 2608 1003 τῆς
2647 928 3101 1011 κροταλισοίσης.

848 1044 969 1108 Sed
1042 1050 1190 1107 utut
1261 1051 1375 1124 est,
1437 1041 1760 1129 probanda
1822 1050 1917 1108 est
1977 1041 2267 1107 Fritschii
2332 1043 2689 1108 coniectura
2747 1066 2927 1109 usam
2974 1068 3106 1110 esse

847 1157 1230 1243 crepitaculo
1277 1155 1666 1243 Hypsipylen
1715 1156 2026 1242 Opheltae
2074 1157 2250 1241 pueri
2295 1179 2500 1220 causa.
2547 1157 2898 1222 Historiam
2935 1156 3106 1244 Hyp-

846 1272 1100 1358 sipylae,
1148 1273 1355 1359 ipsum
1405 1273 1661 1337 fortasse
1710 1270 2067 1357 tragoediae
2113 1277 2557 1356 argumentum
2607 1271 2874 1337 tradidit
2914 1272 3107 1360 Hygi-

845 1409 968 1452 nus
1028 1386 1147 1452 fab.
1220 1390 1324 1453 74.
1386 1436 1427 1464 ‚,
1451 1389 1677 1470 Septem
1735 1391 2021 1466 ductores,
2078 1389 2178 1471 qui
2234 1388 2453 1452 Thebas
2495 1397 2892 1471 oppnynatum
2940 1391 3108 1454 ibant

846 1505 1261 1579 „devenerunt
1311 1503 1375 1564 in
1422 1501 1719 1578 Nemeam,
1767 1502 1867 1563 nbi
1913 1502 2243 1585 Hypsipyle
2299 1500 2583 1565 Thoantis
2615 1502 2765 1586 filia
2815 1502 2879 1565 in
2926 1503 3104 1566 serni·

848 1623 1038 1693 „tute
1083 1638 1340 1698 puerum
1388 1617 1799 1679 Archemorum
1843 1615 1967 1678 sive
2022 1616 2302 1698 Ophelten
2351 1615 2500 1698 Lyci
2542 1616 2697 1698 reyis
2729 1617 2946 1700 fllium
2993 1639 3101 1679 nu·

848 1730 1145 1808 ‚,triebat‚
1194 1729 1294 1793 cui
1338 1751 1675 1811 responsum
1720 1736 1871 1807 erat,
1917 1751 1991 1790 ne
2038 1728 2100 1791 in
2147 1735 2308 1800 terra
2350 1751 2600 1811 puerum
2644 1731 2954 1811 deponeret
2998 1753 3106 1793 an-

848 1851 1140 1927 „tequam
1181 1849 1378 1925 posset
1422 1843 1726 1906 ambulare
1769 1841 1920 1905 cel?

937 1956 1219 2021 Eandem
1289 1956 1674 2041 tragoediam
1745 1957 1954 2041 tangit
2014 1958 2123 2020 Ar.
2186 1954 2345 2021 Ran.
2412 1958 2618 2019 1322:
2682 1957 3001 2038 περίβαλλ’
3064 1954 3107 2022 ὦ

848 2069 1045 2135 τέκνον
1090 2070 1335 2142 ὠλένας.
1384 2070 1552 2154 quod
1600 2070 1877 2133 eiusdem
1924 2068 2290 2155 Hipsipylae
2328 2068 2451 2134 fuit
2486 2091 2751 2154 puerum
2787 2070 3109 2155 alloquen·
3206 2090 3211 2095 ·

848 2182 950 2246 tis.
1015 2182 1163 2257 Iure
1220 2183 1420 2268 igitur
1463 2183 1816 2267 suspicatur
1863 2181 2142 2246 Fritsehe
2190 2204 2385 2260 „eam
2434 2183 2896 2265 crotalistriam,
2944 2206 3107 2269 quae

850 2295 1012 2373 „hic
1071 2295 1136 2360 in
1199 2295 1392 2359 Ranis
1439 2318 1583 2360 cum
1632 2296 2012 2381 crepitaculo
2057 2295 2334 2381 prodeat,
2379 2295 2656 2381 prodisse
2705 2296 2927 2363 habitu
2976 2321 3109 2384 per·

849 2430 1183 2493 „sonsque
1247 2408 1626 2494 Euripideae
1695 2407 2136 2496 Hypsipylae.”
2192 2411 2365 2473 Haec
2427 2416 2636 2474 autem
2702 2410 2754 2475 si
2820 2418 3108 2476 tenemus

851 2522 1177 2609 apparebit
1223 2523 1394 2588 unde
1443 2525 1633 2587 sumti
1683 2524 1812 2589 sint
1859 2530 2188 2608 sequentes
2234 2546 2467 2587 versus.

849 2749 960 2815 Vs.
1015 2741 1226 2812 1309.
1301 2748 1600 2821 ἀλκυόνες,
1649 2746 1714 2812 a?
1750 2747 1888 2829 παρ’
1931 2746 2157 2820 οὶενοέοις
2206 2745 2517 2812 θκλοέσσοοε

1296 2861 1523 2939 κόμαισι
1570 2861 1975 2939 στωμύλλετε,

1299 2975 1622 3054 τέγγουσαι
1664 2975 1859 3048 νοτίοις
1905 2980 2124 3055 πτερῶν

1293 3091 1475 3169 §xvim
1517 3089 1673 3167 χρόαι
1718 3087 2125 3168 δροσιζόμεναι.

942 3202 1146 3267 Schol.
1197 3201 1276 3265 V.
1327 3201 1450 3266 ἔστι
1489 3200 1551 3266 δὲ
1591 3202 1655 3265 τὸ
1695 3201 2131 3280 προεγκείμενον
2170 3197 2237 3275 ἐξ
2272 3199 2624 3281 Ἰφιγενείας
2650 3209 2757 3275 τῆς
2781 3204 2841 3267 ἐν
2868 3203 3098 3267 Αὐλίδι.

849 3314 1055 3380 Schol.
1113 3313 1190 3379 R.
1239 3313 1307 3390 ἕξ
1350 3314 1705 3395 Ἰφιγενείας
1751 3315 1882 3394 Εὐρ.
1937 3335 2097 3397 quae
2141 3336 2345 3378 errore
2391 3313 2470 3378 ad
2520 3337 2605 3378 vs.
2660 3315 2832 3379 1315
2884 3316 3105 3400 migra·

848 3437 1096 3495 verunt.
1159 3431 1325 3496 Cum
1388 3437 1600 3494 autem
1664 3430 1728 3494 in
1790 3428 1932 3514 Iph.
1988 3428 2136 3492 Aul.
2185 3428 2336 3492 haec
2381 3450 2506 3492 non
2554 3429 2870 3513 legantur,
2918 3430 3105 3493 variis

849 3545 1049 3608 modis
1097 3545 1404 3609 medelam
1449 3544 1667 3608 afferre
1715 3543 1921 3607 conati
1971 3549 2121 3606 sunt
2164 3541 2556 3627 interpretes.
2608 3540 2799 3606 Dind.
2851 3543 2915 3607 in
2955 3565 3102 3607 ann.

846 3659 926 3723 ad
974 3658 1206 3734 Schol.,
1248 3659 1351 3723 cui
1389 3659 1734 3722 assentitur
1777 3656 1963 3735 Weil,
2006 3655 2156 3740 Sept
2182 3654 2493 3739 tragedies
2516 3654 2576 3719 d’
2604 3656 2780 3736 Eur„
2806 3704 2848 3734 „
2871 3657 3101 3728 Αὐλίδι,

845 3772 1098 3850 „immo
1145 3771 1415 3851 Ταύροις,
1456 3772 1707 3835 videtur
1754 3772 1919 3835 enim
1965 3770 2265 3855 respicere
2311 3793 2397 3834 VS.
2454 3773 2621 3834 1089
2665 3770 2825 3850 ὅρνις,
2868 3768 2911 3836 ἃ
2937 3770 3103 3844 παρὰ

843 3886 1174 3965 ,,πετρίν.κς
1223 3884 1434 3949 πόντου
1467 3884 1754 3964 δειράδας,
1796 3887 2046 3957 ἀλκυὼν,
2089 3883 2098 3971 Ι
2140 3882 2342 3961 ἔλεγον
2365 3884 2577 3963 οἰκτρὸν
2601 3884 2883 3956 οἶείδεις.”.
2913 3883 3101 3965 Quod

844 4007 1056 4064 tamen
1119 4000 1358 4064 nemini
1413 3998 1815 4084 persuadebit
1875 3999 1988 4082 qui
2048 3998 2391 4062 consideret
2436 3998 2589 4081 quid
2635 3999 2888 4062 intersit
2933 3999 3097 4063 inter

844 4112 994 4177 haec
1040 4110 1227 4176 verba
1275 4119 1338 4176 et
1384 4112 1816 4197 Aristophanis
1863 4134 2131 4176 carmen.
2176 4110 2640 4196 Frigidissimus
2676 4118 2852 4175 totus
2879 4111 3102 4175 fuisset

843 4225 1016 4290 iocus
1079 4226 1196 4290 nisi
1259 4226 1392 4311 ipsa
1437 4225 1763 4312 Euripidis
1807 4224 1995 4290 verba
2042 4226 2289 4290 uitasset
2338 4226 2504 4290 sicut
2548 4230 2734 4291 autea
2781 4225 3100 4310 Aeschyli,

844 4340 1026 4404 euius
1093 4339 1204 4416 rei,
1278 4361 1658 4422 quamquam
1728 4339 1830 4403 vix
1889 4361 2049 4424 opus
2110 4345 2222 4418 est,
2287 4346 2657 4425 argumento
2723 4338 2805 4402 sit
2850 4359 3099 4403 versum

849 4451 1039 4530 1317,
1103 4475 1136 4516 e
1195 4451 1479 4516 dramate
1526 4453 1862 4538 superstite
1896 4452 2147 4518 Electra
2190 4454 2478 4539 petitum,
2524 4453 2603 4518 ad
2652 4451 2898 4516 literam
2954 4474 3100 4516 cum

840 4562 1163 4650 Euripidis
1210 4574 1512 4631 contextu
1561 4567 1905 4631 convenire.
