3875 5634
922 771 1042 832 150
1879 796 2115 841 aAsAn.

878 968 979 1033 Vs.
1030 959 1192 1035 886.
1268 973 1550 1055 Δήμητερ
1597 977 1631 1048 ἦ
1682 975 1950 1057 θρέψαιο-κ
1996 978 2105 1050 τὴν
2150 978 2302 1054 ἐμὴν
2348 977 2539 1059 Φρένω

1267 1082 1414 1152 εἶναι’
1456 1113 1537 1164 με
1581 1094 1695 1153 τῶν
1741 1095 1855 1154 σῶν
1902 1088 2065 1166 ἄξιον
2115 1092 2467 1172 μυττηρίων.

958 1198 1161 1263 Schol.
1214 1203 1360 1284 (non
1413 1200 1572 1267 Ven.
1622 1226 1827 1288 neque
1875 1204 2053 1288 Rav.)
2103 1205 2227 1270 ἔστι
2277 1206 2340 1270 δὲ
2386 1212 2559 1272 τοῦτο
2606 1209 2671 1273 τὸ
2711 1206 2846 1281 ἔπος
2892 1209 3125 1291 Αἰσχύ-

870 1327 991 1377 λου.
1040 1312 1135 1377 Ex
1181 1315 1472 1402 Aeschyli
1516 1315 1858 1382 Eleusiniis
1901 1318 2156 1384 fluxisse
2204 1321 2473 1385 coniecit
2520 1320 2822 1388 Fritsche.

871 1563 980 1629 Vs.
1031 1556 1194 1628 892.
1267 1568 1462 1650 Αἰθὴρ.
1509 1569 1651 1645 ἐμὸν
1695 1568 2005 1646 fido-muz.
2059 1567 2153 1634 Cf.
2202 1569 2284 1635 ad
2326 1592 2411 1636 vs.
2463 1573 2581 1636 100
2625 1580 2688 1636 et
2723 1571 2971 1637 Thesm.
3022 1577 3125 1639 13.

885 1815 994 1881 Vs.
1044 1810 1206 1879 902.
1522 1819 1944 1900 αὐτοπρέμνοις
1985 1817 1996 1909 Ι
2035 1827 2159 1893 τοῖς
2205 1819 2458 1899 λόγοισιν
2503 1822 2862 1899 ἐμπεσόντα.

962 1929 1057 1995 De
1109 1931 1431 2018 Aeschylo,
1480 1933 1593 2017 qui
1638 1955 1787 1998 voce
1831 1935 2233 2015 ,κὺτόπρεμνος
2282 1935 2492 1999 utitur
2539 1935 2723 2000 Eum.
2771 1938 2922 2001 401.

881 2180 989 2247 Vs·
1042 2174 1203 2244 931.
1276 2182 1384 2256 ἤδη
1432 2182 1564 2247 ποτ’
1613 2184 1672 2248 ἐν
1716 2185 1922 2265 μακρῷ
1972 2185 2161 2264 χρόνῳ
2206 2186 2412 2257 νυκτὸς
2460 2184 2865 2266 διηγρύπνησα

1274 2298 1372 2361 τὸν
1416 2293 1609 2371 ξουθὸν
1654 2298 2136 2379 ἱππαλεκτρυόνα
2183 2297 2376 2379 ζητῶν
2422 2300 2513 2372 τίς
2556 2301 2711 2364 ἐστιν
2755 2299 2914 2382 ὄρνις.

967 2409 1229 2475 Parodia
1275 2410 1429 2476 Eur.
1477 2411 1669 2498 Hipp.
1722 2414 1872 2491 375,
1924 2412 2034 2477 ubi
2081 2412 2393 2477 Phaedra:

1279 2525 1388 2600 ἤδη
1439 2526 1572 2591 ποτ’
1619 2525 1820 2598 ἄλλως
1866 2528 2072 2599 νυκτὸς
2118 2527 2177 2590 ἐν
2225 2528 2430 2607 μακρῷ
2477 2526 2664 2609 χρόνῳ

1282 2642 1495 2713 θνητῶν
1540 2640 1826 2721 ἕφρόντισ’
1879 2636 1916 2719 ᾖ
1961 2640 2311 2722 &ts-'Damna
2357 2640 2503 2718 βίος.

966 2763 1186 2831 Kock:
1247 2766 1426 2846 „Die
1486 2764 2000 2830 Liicherlichkeit
2058 2764 2199 2829 dass
2244 2764 2534 2830 Phaedra
2579 2789 2656 2830 zu
2707 2766 2954 2831 solchen
3005 2765 3131 2831 Me·

878 2877 1285 2956 „ditationen
1347 2881 1572 2965 gerade
1632 2879 1733 2944 die
1793 2880 2008 2945 Nacht
2054 2880 2267 2959 wfihlt,
2318 2880 2627 2945 verhbhnt
2676 2884 2784 2945 Ar.
2831 2880 3131 2958 dadurcli,

878 2992 1076 3069 „dass
1137 3016 1202 3057 er
1264 2995 1386 3057 den
1453 2993 1769 3079 Dionysus
1833 3016 1936 3058 um
1988 2995 2162 3058 einer
2210 2994 2456 3059 wahren
2503 2993 2840 3080 Lumperei
2893 2993 3129 3059 Willen

876 3107 1068 3184 „sich
1115 3108 1178 3171 in
1226 3108 1543 3171 iihnlicher
1594 3107 1805 3172 Weise
1853 3107 1957 3172 die
2005 3107 2379 3172 Nachtruhe
2421 3108 2747 3172 entziehen
2786 3106 2998 3173 liisst.'’
3046 3110 3133 3171 At

847 3221 1032 3305 ‘quid
1092 3223 1254 3287 inest
1314 3199 1574 3307 dignum
1636 3221 1804 3307 quod
1876 3223 2160 3286 rideatur
2225 3223 2276 3285 si
2328 3220 2614 3285 Phaedra
2659 3222 3024 3307 profiteatur
3068 3246 3131 3286 se

876 3344 1068 3399 noctu
1114 3358 1223 3421 per
1266 3336 1604 3400 insomnias
1652 3337 1731 3401 de
1778 3335 1966 3400 rebus
2022 3335 2314 3400 humanis
2368 3334 2728 3399 meditatam
2785 3333 2958 3400 esse?
3006 3335 3130 3400 Ne·

876 3471 999 3532 que
1070 3449 1128 3512 h.
1196 3449 1239 3513 l.
1303 3458 1376 3512 ut
1439 3449 1848 3535 reprehendat
1909 3448 2366 3535 Aristophanes
2429 3448 2698 3530 παρῳδεῑ,
2761 3447 2868 3513 sed
2924 3456 3000 3512 ut
3044 3471 3132 3513 re-

875 3562 992 3626 bus
1052 3562 1480 3627 dissimillimis
1548 3563 2010 3646 coniungendis
2068 3563 2433 3627 auditorum
2484 3562 2821 3627 cachinnos
2867 3570 3129 3640 moveat,

875 3678 1040 3741 sicut
1101 3676 1216 3761 Eq.
1287 3681 1453 3741 1290
1519 3700 1651 3762 sqq.
1716 3678 1815 3744 Cf.
1882 3677 2037 3744 Cob.
2090 3699 2233 3742 nov·
2281 3677 2430 3741 lect.
2479 3699 2540 3762 p.
2593 3680 2653 3741 9.
2703 3680 2902 3750 Saveh-5
2941 3677 3129 3741 ima-

872 3792 1154 3870 λεκτρυών
1203 3791 1493 3876 Aeschyli
1544 3802 1656 3869 est,
1706 3792 1782 3856 cf.
1833 3792 1907 3855 fr.
1966 3793 2090 3854 130
2141 3790 2247 3870 N„
2302 3793 2450 3856 137.
2496 3789 2599 3868 D„
2645 3812 2830 3874 quem
2869 3788 2947 3854 ob
2973 3789 3131 3854 illud

875 3912 1219 3968 monstrum
1270 3928 1394 3969 non
1443 3903 1519 3968 ab
1566 3904 1872 3991 Euripide
1924 3903 2032 3969 sed
2079 3904 2157 3969 ab
2205 3906 2343 3990 ipso
2390 3903 2811 3989 Aristophane
2860 3903 3131 3969 ludibrio

875 4017 1084 4081 haberi
1132 4027 1391 4105 apparet
1436 4019 1579 4083 Pac.
1639 4021 1827 4097 1177,
1878 4021 1997 4082 Av.
2050 4022 2201 4083 800.
2253 4019 2690 4100 Τρκγέλριφος,
2744 4041 2831 4082 vs,
2876 4020 3024 4099 937,
3069 4020 3129 4082 in

873 4135 1317 4219 superstitibus
1362 4135 1654 4220 Aeschyli
1701 4135 2040 4219 tragoediis
2086 4157 2213 4199 non
2263 4135 2606 4199 invenitur.
2655 4133 2985 4199 Philemon
3031 4134 3129 4198 ἱπ-

874 4250 1366 4331 ποτρκγελρὲφους
1412 4250 1612 4314 finxit.
1664 4250 1866 4314 Kock.

871 4496 977 4562 Vs.
1030 4491 1192 4562 946.
1265 4497 1408 4563 ἀλλ’
1455 4496 1650 4574 οὑξιὼν
1697 4501 1997 4581 melu-egrae
2045 4501 2157 4579 μέν
2205 4523 2305 4579 μοι
2351 4502 2417 4566 τὸ
2464 4499 2631 4579 γένος
2678 4494 2791 4563 εἶπ’
2841 4498 2914 4564 ἄν
2963 4499 3128 4571 εὐθὺς

1274 4617 1374 4677 τεῦ
1423 4614 1743 4693 Baiano-5.
1797 4613 1944 4679 Vid.
1995 4615 2075 4680 ad
2124 4615 2280 4679 Ach.
2334 4616 2441 4678 47.
