3875 5634
1590 752 2298 797 'rnnsnomoauznsan
2900 738 2926 798 1
2944 737 3020 798 31

824 929 924 987 tra
1000 920 1298 1005 quaesivi.
1362 921 1596 985 Contra
1655 921 1807 1005 quid
1872 921 1955 985 sit
2001 919 2101 984 ἐπὶ
2149 920 2396 999 πορείαν,
2446 920 2570 983 sive
2615 919 2899 997 δαιμόνων
2945 921 3070 985 sive

827 1036 1076 1114 δαιμόνι’
1125 1035 1390 1119 legatur,
1437 1058 1561 1099 non
1608 1058 1901 1120 assequor
1946 1058 2152 1118 neque
2201 1033 2398 1099 habeo
2444 1058 2568 1119 quo
2606 1036 2741 1100 loco
2781 1043 3070 1122 corrupto

828 1151 1097 1215 medeor.
1150 1148 1247 1212 De
1292 1148 1486 1213 forma
1531 1151 1974 1228 λαιμοτόμητος
2027 1149 2257 1214 Porson
2303 1149 2381 1213 ad
2427 1149 2577 1214 Hec.
2620 1152 2745 1214 206
2781 1149 3072 1227 „Vereor

828 1271 963 1343 „ut
1008 1264 1092 1330 sit
1138 1263 1508 1328 Graecum.”

832 1490 939 1556 Vs.
994 1482 1205 1553 1058.
1402 1490 1475 1554 σὺ
1521 1481 1572 1556 3⁶
1624 1485 1681 1554 εἷ
1716 1490 1824 1564 τίς,
1874 1487 2012 1563 ἥτις.
2047 1491 2263 1569 τούμὸν
2310 1491 2579 1571 ᾤκτειρας
2625 1488 2843 1566 παθοςς

918 1604 1334 1691 Euripideum
1391 1628 1521 1669 esse
1565 1627 1811 1669 versum
1858 1605 2134 1670 virorum
2182 1604 2507 1669 doctorum
2565 1604 2901 1669 admodum
2943 1628 3077 1692 pro-

832 1719 1055 1785 babilis
1102 1727 1198 1783 est
1246 1719 1473 1803 opinio.

922 1832 1173 1912 Nauck,
1222 1833 1295 1897 fr.
1350 1834 1494 1911 125,
1543 1833 1867 1897 coniunxit
1913 1855 2030 1896 vss,
2084 1834 2277 1911 1110,
2330 1834 2498 1896 1058
2547 1838 2610 1896 et
2661 1834 2855 1897 1101.

1191 1945 1360 2011 PerS.
1408 1942 1449 2009 ὦ
1496 1947 1745 2027 παρθέν’,
1792 1946 2038 2027 οἰκτείρω
2084 1971 2153 2011 σε
2196 1945 2570 2028 κρεμαμένην
2618 1947 2766 2026 ὁρῶν.

1189 2059 1386 2124 Andr.
1433 2061 1506 2125 σὺ
1552 2061 1605 2126 δ’
1654 2055 1712 2125 εἶ
1747 2061 1836 2134 τίς
1882 2059 2040 2132 ὅστις
2089 2061 2302 2139 τούμὸν
2350 2058 2621 2142 ᾤκτειρας
2668 2060 2884 2136 mido-:a

1192 2173 1362 2240 Pers,
1411 2175 1658 2255 Περσεὺς
1703 2176 1840 2256 πρὸς
1886 2172 2111 2256 ’Ἄργος
2161 2179 2510 2239 ναυστολῶν.

923 2289 1080 2370 „Ex
1147 2289 1299 2354 Eur.
1372 2289 1767 2355 Andromeda
1826 2290 1942 2355 hos
2004 2312 2219 2354 versus
2281 2313 2411 2353 esse
2474 2289 2784 2354 derivatos
2840 2287 3077 2353 dudum

835 2405 1359 2485 „intellexerunt,
1421 2428 1503 2469 vs.
1580 2408 1601 2467 l
1655 2412 1718 2469 et
1768 2408 1805 2468 2
1853 2406 1977 2470 iam
2026 2404 2363 2469 Barnesius
2413 2404 2759 2482 coniunxit,
2807 2426 2987 2470 versu
3040 2405 3077 2466 3

835 2542 1081 2605 „quem
1130 2519 1229 2583 his
1275 2518 1609 2604 adiungere
1655 2542 1781 2584 non
1830 2518 2136 2598 dubitavi,
2186 2519 2423 2583 exclusi
2471 2518 2655 2583 verba
2700 2520 2766 2583 τὸ
2807 2518 3076 2597 Γοργόνος

834 2633 1049 2716 υνεοὶρα
1094 2632 1345 2714 κομίζων
1390 2633 1538 2699 huic
1585 2633 1719 2698 loco
1770 2634 2024 2698 minime
2072 2633 2280 2720 apta.''
2324 2632 2569 2698 Nauck.

926 2745 1162 2812 Versus
1209 2750 1247 2810 2
1296 2754 1358 2810 et
1406 2749 1444 2811 3
1492 2769 1617 2812 non
1666 2746 1934 2812 exclusis
1980 2746 2183 2812 verbis
2232 2748 2296 2812 τὸ
2340 2785 2433 2795 -
2468 2745 2721 2828 κομίζων
2767 2745 2890 2811 iam
2938 2768 3078 2812 con-

832 2863 1180 2927 iunxerunt
1223 2859 1516 2925 Welcker
1560 2867 1625 2926 et
1668 2859 1974 2927 Fritsche.

927 2976 1049 3042 Sed
1094 2975 1346 3056 iniuria,
1397 2983 1469 3041 ut
1515 2976 1668 3040 mihi
1715 2976 1968 3060 quidem
2014 2974 2285 3056 videtur,
2326 2974 2568 3040 diversa
2607 2974 3079 3060 colligaverunt.

834 3089 985 3155 Non
1044 3111 1205 3174 nego
1265 3088 1449 3153 verba
1491 3091 1556 3154 τὸ
1602 3092 1871 3170 Γοργόνος
1917 3089 2073 3171 κάρα
2116 3089 2369 3171 κομίζων
2414 3139 2454 3168 ,,
2477 3089 2625 3153 huic
2674 3090 2810 3154 loco
2857 3088 2941 3174 (id
2988 3098 3082 3154 est

837 3211 980 3291 post
1026 3227 1112 3268 vs,
1165 3205 1359 3288 1058)
1404 3203 1659 3268 minime
1703 3211 1848 3289 apta
1893 3204 2088 3269 esse.’'
2135 3201 2374 3268 Verum
2420 3202 2582 3268 inde·
2611 3225 2734 3267 non
2786 3203 3072 3287 sequitur

836 3317 1199 3384 dissecanda
1258 3340 1386 3382 esse
1431 3341 1591 3403 quae
1637 3318 1871 3403 optime
1917 3317 2290 3382 cohaereant
2333 3338 2540 3401 neque
2586 3317 2651 3381 τὸ
2694 3355 2786 3365 -
2829 3315 3080 3397 κομίζων

836 3432 1131 3519 Euripidi
1193 3431 1674 3497 abiudicandum
1740 3455 1871 3497 esse
1932 3437 2046 3496 aut
2089 3430 2198 3496 alii
2243 3431 2544 3497 dramatis
2592 3432 2756 3518 parti
2803 3431 3079 3497 tribuen-

836 3546 1010 3623 dum,
1069 3547 1175 3611 sed
1239 3547 1449 3632 potius
1511 3570 1620 3611 πω.
1675 3548 1843 3610 1058
1893 3555 1952 3610 et
2000 3548 2167 3609 1101
2220 3569 2336 3609 non
2379 3567 2500 3609 esse
2544 3547 2913 3627 copulandos.
2963 3547 3080 3609 Ac-

836 3660 1003 3725 cedit
1073 3667 1167 3738 ut,
1228 3661 1279 3724 si
1337 3661 1402 3725 τὸ
1457 3697 1547 3708 -
1605 3658 1857 3740 κομίζων
1918 3659 2069 3723 huic
2129 3659 2265 3723 loco
2312 3680 2436 3723 non
2485 3658 2832 3736 conveniat,
2874 3680 3075 3743 neque

834 3775 971 3854 πρὸς
1027 3769 1250 3854 Ἀργος
1311 3777 1637 3838 ναυστολῶν
1683 3780 1899 3859 aptum
1948 3772 2031 3836 sit
2077 3793 2463 3858 responsum.
2515 3771 2688 3853 Quid
2740 3772 2905 3836 enim
2952 3773 3081 3837 An·

833 3886 1185 3966 dromedae,
1233 3908 1393 3971 quae
1441 3887 1505 3951 in
1552 3887 1779 3952 ultimo
1826 3887 1991 3950 vitae
2030 3885 2385 3950 discrimine
2424 3893 2576 3965 erat,
2617 3887 2914 3950 intererat
2948 3908 3073 3971 quo

834 4002 955 4065 iter
1000 4001 1232 4065 faceret
1281 3999 1590 4065 Perseus?

927 4111 1173 4178 Deinde
1243 4113 1670 4198 quaerendum
1734 4119 1827 4179 est
1888 4135 1972 4177 an
2038 4112 2292 4176 vinculo
2351 4113 2624 4197 quodam
2673 4114 2837 4178 inter
2882 4136 2944 4178 se
2993 4136 3089 4177 co·

836 4230 1137 4294 haereant
1197 4251 1313 4292 ves·
1381 4231 1547 4293 1110
1608 4235 1672 4292 et
1736 4230 1925 4292 1058.
1988 4226 2134 4290 Meo
2179 4227 2436 4308 iudicio,
2483 4228 2681 4292 nullo.
2724 4226 2910 4306 Quod
2948 4250 3078 4292 ver·

836 4341 987 4406 bum
1058 4341 1336 4422 οἰκτείρειν
1401 4342 1467 4405 in
1541 4348 1809 4426 utroque
1885 4341 2203 4426 reperitur
2287 4341 2624 4406 admodum
2700 4338 2904 4405 debile
2980 4347 3075 4405 est

834 4462 1298 4543 argumentum,
1374 4462 1438 4520 et
1502 4454 1660 4520 nihil
1730 4462 1823 4520 est
1896 4454 2068 4540 quod
2143 4455 2537 4541 suspicemur
2608 4453 3069 4520 Andromedam

833 4570 1040 4636 verbis
1109 4569 1344 4662 quibus
1412 4570 1477 4635 in
1553 4568 1869 4633 comoedia
1926 4569 2085 4633 Eeho
2142 4567 2575 4655 appellaverit,
2638 4569 2706 4633 in
2759 4570 3078 4655 tragoedia
