3875 5634
770 738 837 782 v1
1676 735 2053 781 rumano·

812 908 1039 993 Itaque
1080 905 1347 971 lustravi
1384 906 1827 993 Aristophanis
1860 905 2210 971 comoedias
2246 913 2312 969 et
2344 905 2692 989 fragmenta
2726 913 2812 981 et,
2839 927 2984 969 cum

728 1020 895 1107 apud
942 1021 1377 1105 grammaticos
1419 1020 1547 1085 late
1594 1028 1855 1108 pateant
1893 1020 2186 1107 parodiae
2229 1020 2384 1083 fines
2421 1018 2566 1103 (vid
2608 1017 2912 1082 Taenb.l.
2939 1019 2984 1082 l.

720 1158 783 1221 p.
852 1137 883 1198 1
948 1157 1080 1219 sqq.
1142 1133 1334 1198 Bibb.
1394 1133 1491 1199 De
1550 1158 1667 1199 usu
1730 1134 1948 1221 parod·
2003 1133 2176 1198 Part.
2225 1132 2281 1198 L
2336 1155 2400 1218 p.
2455 1135 2486 1196 l
2539 1138 2716 1217 sqq),
2767 1155 2984 1197 omnes

724 1248 881 1314 mihi
938 1249 1228 1335 proposui
1292 1272 1661 1336 componere
1706 1249 1875 1314 locos
1920 1248 2154 1334 quibus
2199 1249 2472 1312 comicus
2515 1247 2668 1311 alios
2717 1248 2976 1333 respicit

722 1372 957 1451 poetas,
1018 1386 1143 1428 non
1202 1372 1457 1428 tantum
1517 1365 1809 1451 parodias
1864 1387 2008 1429 vere
2067 1364 2156 1428 sic
2213 1364 2414 1428 dictas
2475 1361 2706 1447 quibus
2772 1364 2984 1447 gravia

722 1478 989 1543 aliorum
1050 1477 1236 1543 verba
1281 1486 1398 1543 aut
1440 1479 1799 1564 tragoediae
1844 1487 2218 1564 argmenta
2262 1479 2328 1542 in
2373 1479 2579 1542 iocum
2630 1477 2980 1561 detorquet,

722 1594 790 1659 id
861 1616 1049 1679 agens
1116 1600 1193 1657 ut
1258 1602 1373 1658 aut
1436 1593 1857 1680 reprehendat
1923 1603 2058 1674 aut,
2133 1592 2302 1678 quod
2369 1592 2744 1678 plerumque
2808 1592 2979 1672 facit,

726 1707 921 1774 risum
967 1716 1033 1772 et
1078 1707 1458 1773 hilaritatem
1505 1709 1761 1785 excitet,
1808 1708 1915 1773 sed
1965 1731 2070 1772 eos
2114 1729 2366 1793 quoque
2412 1707 2584 1771 locos
2624 1705 2736 1770 ubi
2784 1706 2987 1770 aliena

727 1820 912 1887 verba
973 1822 1127 1886 citat
1186 1822 1285 1886 vel
1348 1821 1479 1887 suis
1524 1821 1756 1886 intexit
1800 1830 1877 1886 nt
1920 1844 2266 1886 sermonem
2313 1843 2500 1885 suum
2550 1821 2984 1886 rotundiorem

726 1944 794 2001 et
838 1935 1280 2019 elegantiorem
1328 1935 1571 2001 reddat.
1619 1934 1783 2000 Cum
1830 1944 2044 2000 autem
2093 1936 2392 2000 acerrima
2439 1934 2563 1998 tela
2601 1934 2666 1997 in
2713 1936 2985 2019 tragieos

724 2050 1055 2116 coniecerit
1094 2050 1563 2137 Aristophanes,
1590 2053 1714 2137 'par
1751 2059 1888 2115 erat
1924 2050 2002 2115 de
2038 2050 2136 2115 his
2174 2073 2271 2114 me
2307 2048 2616 2134 copiosius
2640 2048 2981 2134 disputare.

812 2162 991 2245 Quae
1050 2165 1173 2229 iam
1231 2164 1310 2229 ab
1370 2164 1511 2229 aliis
1572 2164 1651 2228 ab
1697 2165 1867 2229 omni
1909 2172 2088 2251 parte
2128 2163 2445 2250 explorata
2492 2171 2670 2228 erant
2713 2163 2984 2228 indicavi

724 2286 995 2359 tantum,
1058 2277 1247 2365 paulo
1311 2278 1569 2343 sortasse
1629 2277 1987 2342 obscuriora
2040 2278 2348 2364 explicare
2395 2286 2656 2341 conatus
2704 2299 2864 2355 sum,
2913 2278 2979 2343 in

724 2392 1027 2475 originem
1070 2393 1469 2479 parodiarum
1514 2391 1838 2476 inquisivi,
1876 2394 2239 2478 praesertim
2280 2400 2354 2456 ut
2390 2390 2781 2455 ostenderem
2823 2392 2982 2475 quid

720 2504 967 2570 valeant
1014 2505 1365 2570 comoediae
1412 2505 1856 2592 Aristophanis
1900 2505 1979 2569 ad
2025 2505 2378 2592 deperditas
2423 2504 2772 2588 tragoedias
2811 2505 2985 2569 resti-

724 2620 1008 2685 tuendas.
1058 2618 1383 2685 Nonnulla
1429 2628 1755 2706 praeterea
1800 2620 2097 2684 annotavi
2145 2641 2304 2703 quae
2349 2620 2417 2683 in
2459 2620 2980 2685 commentatione

722 2732 800 2797 de
843 2732 1097 2819 parodia
1134 2733 1201 2797 in
1241 2732 1664 2819 Aristophane
1701 2731 1884 2797 facile
1923 2731 2136 2796 abesse
2175 2740 2529 2817 potuerant,
2570 2754 2731 2817 quae
2769 2742 2979 2798 tamen

726 2868 823 2910 me
860 2843 1059 2910 obiter
1096 2846 1434 2926 monuisse,
1474 2845 1817 2909 dummodo
1853 2844 2101 2930 aliquid
2140 2846 2267 2909 veri
2305 2846 2474 2925 insit,
2515 2846 2776 2911 lectores
2800 2870 2977 2933 spero

722 2958 850 3024 fore
900 2968 972 3023 ut
1016 2960 1170 3024 vitio
1216 2959 1374 3024 mihi
1420 2982 1549 3024 non
1594 2965 1862 3025 vertant.

814 3072 994 3155 Quae
1031 3074 1237 3138 omnia
1274 3072 1672 3160 explorantes
1696 3095 1825 3138 nou
1847 3095 2181 3160 possumus
2201 3095 2322 3138 non
2350 3073 2644 3138 admirari
2669 3082 2733 3139 et
2755 3076 2999 3140 somiei-⁴

721 3186 871 3251 felix
934 3186 1256 3272 ingenium
1319 3189 1712 3274 ioeosamque
1770 3189 2191 3274 petulantiam
2238 3211 2397 3273 quae
2441 3198 2583 3276 post
2625 3197 2724 3254 tot
2770 3191 2980 3256 sec-ula

721 3302 996 3387 legentes
1050 3303 1258 3368 adbuc
1304 3304 1630 3383 exhilarat,
1679 3311 1745 3367 et
1792 3311 2023 3369 teretes
2066 3325 2252 3368 aures
2297 3302 2529 3367 theatri
2577 3303 2978 3369 Atheniensis

721 3417 888 3502 quod
927 3439 1397 3502 nonnumquam
1439 3418 1695 3502 quidem
1734 3417 1928 3482 salem
1969 3417 2358 3501 Megaricum
2403 3416 2616 3480 Attico
2655 3416 2975 3502 praetulit,

722 3539 788 3595 at
837 3538 1160 3618 tantopere
1206 3539 1416 3596 tamen
1462 3540 1679 3620 poetas
1724 3530 1976 3596 amabat
2022 3540 2084 3595 et-
2131 3532 2393 3595 triverat
2433 3537 2508 3594 ut
2547 3531 2980 3616 Aristophanis

723 3645 1008 3733 parodias
1053 3645 1418 3730 intellegere
1463 3654 1674 3733 posset
1712 3647 1914 3730 iisque
1955 3644 2397 3711 delectaretur.
2441 3643 2752 3708 Docemur
2786 3644 2975 3709 simul

724 3759 876 3844 quid
936 3759 1013 3824 de
1072 3759 1209 3825 aliis
1268 3761 1472 3845 poetis
1539 3759 1989 3847 Aristophanes
2037 3760 2319 3823 senserit.
2370 3758 2595 3843 Epicos
2641 3768 2706 3822 et
2753 3759 2976 3844 lyricos

720 3895 846 3938 non
917 3896 1098 3960 saepe
1155 3873 1370 3958 tetigit
1426 3880 1493 3938 et
1560 3873 1841 3939 ludibrio
1899 3873 2111 3938 nullos
2175 3870 2364 3936 habet
2410 3872 2528 3936 nisi
2577 3873 2976 3938 oraculorum

720 3989 1240 4053 consarcinatores
1287 3996 1351 4052 et
1397 3987 1889 4074 dithyrambicos
1928 3986 2355 4072 ampullantes
2372 4013 2390 4064 ;
2438 3985 2760 4072 Sophoclis
2794 3986 2980 4052 verba

721 4100 1026 4166 rarissime
1072 4101 1328 4181 attulit;
1375 4100 1761 4188 Aeschylum
1810 4099 2261 4179 admirabatur,
2311 4101 2403 4164 ita
2448 4107 2658 4164 tamen
2704 4110 2780 4164 ut
2825 4123 2985 4166 non·

720 4234 1061 4296 numquam
1122 4212 1450 4278 subridens
1508 4214 1645 4280 eius
1706 4214 2069 4298 magnificos
2115 4222 2180 4277 et
2225 4212 2600 4298 ponderosos
2646 4214 2806 4278 citet
2851 4237 2982 4279 ver·

722 4349 860 4406 sus3
930 4327 1292 4415 Euripidem
1353 4353 1501 4416 prae
1563 4329 1705 4394 aliis
1768 4327 2165 4394 mordacibus
2226 4328 2520 4393 laceravit
2569 4329 2739 4394 iocis.
2791 4329 2981 4411 Quod

722 4463 1096 4526 quamquam
1167 4465 1645 4529 nonnumquam
1706 4444 1845 4507 iure
1905 4443 2122 4508 fecisse
2182 4442 2338 4506 mihi
2404 4442 2675 4523 videtur,
2724 4443 2980 4508 minime

725 4551 960 4638 ubique
1041 4554 1108 4619 in
1191 4554 1561 4642 Euripidem
1639 4555 1821 4622 nobis
1903 4554 2421 4622 subscribendum
2487 4578 2617 4621 esse
2690 4555 2978 4622 arbitror.

2171 4708 2307 4769 ,μ’
