3875 5634
1567 710 2271 761 msnomonuznsan.
2877 699 2946 761 11
2965 698 2999 761 7

889 879 1079 945 Tacet
1149 871 1510 945 Scholiasta.
1574 876 1893 959 Stobaeus,
1959 878 2124 943 Flor.
2193 880 2293 957 71,
2360 881 2420 943 1.
2484 880 2558 945 fr.
2623 882 2770 960 801,
2819 883 2971 946 citat
3016 904 3051 946 e

800 994 1115 1059 Phoenice
1161 991 1512 1079 Euripidis:
1887 988 1894 996 ’

1248 1142 1538 1226 μοχθηρόν
1582 1145 1737 1208 ἐστιν
1781 1142 1945 1223 ἀνδρὶ
1992 1142 2294 1224 πρεσβύτῃ
2342 1142 2521 1209 τέκνα

1250 1257 1485 1323 δίδωσιν
1532 1255 1688 1330 ὅστις
1733 1255 1909 1321 οὐκέθ’
1960 1257 2154 1337 ὡραῖος
2198 1263 2415 1335 γαμεῖ·

1246 1370 1519 1436 δέσποινα
1563 1369 1678 1450 γὰρ
1723 1369 1940 1455 γέροντι
1992 1370 2228 1450 νυμφίῳ
2275 1370 2440 1449 γυνή.

889 1509 984 1574 De
1023 1507 1272 1574 duobus
1309 1487 1618 1595 prioribus
1656 1507 1931 1573 versibus
1970 1507 2126 1592 qnid
2165 1508 2541 1573 coniecerint
2575 1508 2691 1573 viri
2729 1509 2898 1574 docti
2923 1510 3044 1576 vid.

800 1646 898 1710 ap.
941 1622 1027 1688 N.
1066 1624 1142 1687 fr.
1186 1625 1335 1688 801.
1384 1622 1641 1688 Heathii
1690 1623 2064 1701 coniectura,
2112 1644 2210 1708 ap.
2259 1620 2480 1686 Valck.
2529 1621 2734 1687 Diatr.
2784 1646 2845 1709 p.
2898 1626 3047 1703 273,

798 1760 1045 1812 versum
1118 1738 1386 1822 primum
1460 1759 1496 1801 a
1557 1737 1744 1801 tertio
1803 1735 2212 1821 separandum
2275 1758 2405 1800 esse
2465 1736 2800 1801 admodum
2847 1738 3055 1803 verisi-

802 1850 970 1914 milis
1041 1858 1155 1929 est,
1221 1872 1347 1914 non
1411 1850 1577 1914 enim
1636 1850 1769 1936 ipse
1811 1856 2017 1936 poeta,
2066 1849 2303 1934 opinor,
2352 1857 2496 1936 post
2538 1849 2700 1931 ἀνδρὶ
2748 1850 3049 1933 πρεσβύτῃ

800 1988 887 2028 νε.
945 1966 999 2044 1,
1049 1964 1268 2045 γέροντι
1316 1964 1550 2046 νυμφίῳ
1596 1986 1683 2028 vs.
1732 1967 1771 2027 3
1817 1964 2067 2027 iteravit
2078 1991 2096 2040 ;
2146 1963 2369 2029 deinde
2409 1985 2552 2029 cum
2581 1963 2906 2046 Stobaeus,
2933 1965 3049 2031 hoc

799 2080 1218 2164 fragmentum
1268 2079 1544 2158 afferens,
1591 2080 1984 2164 praemittat:
2031 2076 2115 2142 ἔτι
2152 2080 2211 2143 έν
2250 2086 2368 2152 τοῖς
2407 2078 2627 2157 γάμοις
2666 2084 2779 2143 τῶν
2821 2102 3050 2144 συναπ-

798 2193 1057 2272 τομένων
1124 2192 1356 2267 ἠθικίας
1415 2192 1510 2257 δεῖ
1564 2201 1796 2257 σκοπεῖν
1856 2215 1999 2257 cum
2063 2190 2284 2256 Valck.
2335 2215 2447 2278 pro
2493 2192 2672 2257 τέκνα
2718 2191 3054 2278 legendum

801 2313 898 2372 est
945 2305 1065 2371 νέα.
2284 2315 2288 2319 ’

894 2420 1159 2506 Saepius
1205 2418 1372 2506 apud
1418 2425 1632 2506 poetas
1676 2418 1903 2483 similia
1949 2402 2382 2483 inveniuntur.

896 2533 974 2599 In
1023 2533 1239 2598 eodem
1288 2532 1595 2597 Phoenice
1639 2533 1892 2617 legitur,
1930 2533 2005 2596 fr.
2050 2535 2197 2597 804.
2237 2534 2431 2613 πικρὸν
2471 2533 2573 2616 νέᾳ
2604 2532 2841 2612 γυναικὶ
2878 2557 3053 2617 πρεσ-

804 2648 997 2727 βύτης
1058 2646 1220 2727 ἀνήρ.
1284 2647 1452 2731 quod
1507 2646 1793 2711 imitatus
1847 2653 1944 2710 cst
1971 2646 2440 2732 Aristophanes
2486 2645 2561 2710 fr.
2611 2646 2737 2710 497
2757 2674 2776 2726 ς
2824 2645 3051 2712 deinde

807 2763 873 2826 in
946 2760 1183 2841 Danae,
1253 2760 1329 2825 fr.
1398 2762 1545 2839 319,
1604 2759 1709 2824 καὶ
1772 2764 1870 2824 νῦν
1932 2765 2190 2840 παραινῶ
2238 2763 2386 2824 πᾶσι
2430 2767 2549 2834 τοῖς
2595 2760 2873 2841 νεωτέροις
2914 2760 2924 2850 Ι
2964 2761 3052 2839 μὴ

799 2878 939 2957 πρὸς
984 2876 1050 2940 τὸ
1095 2882 1283 2955 γῆρας
1321 2874 1454 2947 τοὺς
1492 2874 1727 2952 γάμους
1766 2872 2130 2950 ποιουμένους
2171 2870 2181 2962 Ι
2221 2882 2418 2954 σχολῇ
2459 2876 2793 2938 τεκνοῦσθαι
2816 2874 3053 2949 παῖδας

797 2990 943 3062 κτέ..
994 2987 1104 3053 ubi
1151 2996 1318 3053 recte
1354 2986 1569 3069 Naber
1607 2987 1888 3052 restituit
1927 2986 2319 3065 ποιουμένους,
2362 2987 2436 3051 cf.
2481 2987 2650 3052 Med.
2679 2990 2829 3067 815,
2862 2990 3052 3067 1238,

799 3110 942 3181 cet„
1011 3124 1217 3187 neque
1285 3124 1373 3165 vs.
1446 3104 1485 3165 3
1546 3101 2026 3188 improbandum
2087 3109 2181 3165 est
2225 3099 2461 3179 γυναικὶ
2511 3124 2623 3187 pro
2672 3102 2774 3184 νέᾳ
2820 3102 3058 3184 γυναικί

801 3214 1120 3301 (Nauckio
1188 3237 1402 3280 versus
1462 3219 1504 3278 4
1557 3215 1861 3280 delendus
1904 3215 2178 3298 videtur)
2230 3215 2308 3279 cf.
2353 3215 2429 3279 fr.
2482 3217 2630 3280 801.
2682 3213 2819 3279 Iam
2865 3223 3050 3281 antea

799 3329 1015 3394 eadem
1060 3329 1188 3394 fere
1234 3329 1474 3394 dixerat
1516 3329 1825 3414 Theognis
1873 3327 2046 3393 Stob.
2088 3327 2181 3391 Pl.
2226 3329 2396 3407 71,2,
2439 3350 2624 3413 quem
2650 3330 2935 3394 imitatus
2960 3338 3055 3395 est

800 3441 1206 3528 Theophilus„
1257 3442 1451 3507 Mein.
1500 3441 1609 3506 III
1653 3465 1715 3528 p.
1767 3444 1915 3506 628.

891 3555 1255 3621 Mirandum
1301 3562 1396 3620 est
1441 3557 1637 3641 igitur
1683 3557 2062 3621 contrarium
2109 3556 2235 3640 legi
2283 3556 2357 3620 tr.
2411 3556 2614 3637 Aeoli,
2667 3559 2785 3621 24:

1245 3694 1423 3759 κακὸν
1467 3700 1727 3772 γυναῖκα
1772 3695 1909 3774 πρὸς
1957 3692 2090 3757 νέαν
2138 3691 2344 3774 ζεῦξαι
2391 3691 2535 3772 νέον,

797 3831 970 3917 quod
1042 3832 1300 3897 minime
1372 3855 1445 3896 ex
1508 3831 1827 3918 Euripidis
1888 3833 2201 3896 sententia
2265 3832 2505 3897 dictum
2569 3841 2684 3911 est,
2746 3834 2859 3918 qni
2907 3840 3055 3899 πᾶσι

798 3953 922 4019 τοῖς
975 3945 1255 4026 νεωτέροις
1302 3953 1577 4026 παραινεῖ
1614 3945 2077 4010 matrimonium
2129 3968 2210 4010 ne
2251 3946 2561 4011 differant.
2606 3945 2882 4031 Cogitari
2924 3948 3058 4032 qui-

800 4057 941 4123 dem
1009 4063 1215 4144 potest
1283 4056 1553 4141 aliquem
1621 4058 1684 4121 in
1749 4058 2073 4143 tragoedia
2119 4058 2244 4123 tale
2291 4057 2647 4146 paradoxon
2696 4060 3051 4145 protulisse,

799 4179 1078 4237 attamen
1143 4171 1193 4236 si
1254 4169 1589 4236 Stobaeum
1652 4172 2018 4258 inspicimus
2067 4175 2177 4258 qui
2227 4173 2342 4237 hoc
2387 4173 2810 4258 fragmentum
2861 4196 3059 4240 serva·

799 4287 890 4350 vit
936 4293 1002 4350 et
1061 4285 1219 4349 alios
1267 4286 1691 4371 componimus
1736 4308 1892 4371 quos
1942 4308 2074 4372 cap.
2127 4288 2227 4351 71.
2278 4289 2591 4372 congessit
2636 4287 2825 4369 locos,
2877 4288 3060 4353 καλόν

801 4401 1016 4487 potius
1063 4421 1249 4484 quam
1299 4403 1477 4466 κακόν
1523 4407 2033 4486 exspectaremus.
2095 4459 2102 4465 .
2272 4396 2276 4400 ’

886 4512 1136 4579 Deinde
1180 4536 1308 4579 non
1357 4514 1643 4580 cohaeret
1687 4538 1827 4580 cum
1874 4515 2317 4600 sequentibus:
