3875 5634
1845 788 2083 833 aman.
2910 775 3035 839 171

843 955 1133 1037 πτάμενος
1192 956 1433 1038 εἰναλίῳ.
1498 956 1641 1043 Iph.
1706 956 1895 1022 Taur.
1964 950 2135 1021 1120
2185 956 2568 1036 μεταβάλλει
2613 960 2736 1033 κτέ,
2782 960 2953 1045 quod
3002 969 3092 1027 ta·

803 1122 804 1125 η
846 1095 990 1138 men
1033 1071 1289 1137 verbum
1337 1079 1401 1137 et
1444 1072 1755 1138 sententia
1801 1079 1866 1137 et
1911 1073 2200 1159 strophae
2246 1074 2492 1138 numeri
2542 1082 2868 1160 respuunt.

933 1186 1221 1251 Fortasse
1279 1185 1344 1250 in
1400 1185 1541 1250 aliis
1600 1187 1898 1252 dramatis
1960 1186 2214 1273 saepius
2275 1188 2555 1272 peccavit
2610 1186 2976 1275 Euripides;
3024 1191 3092 1256 in

844 1297 1284 1385 superstitibus
1326 1306 1424 1364 ter
1467 1305 1739 1365 tantum.

935 1411 1172 1499 Lepide
1237 1413 1640 1509 coniecerunt
1695 1412 1899 1478 Bothe
1963 1421 2028 1478 et
2086 1413 2373 1479 Fritsche
2416 1414 2600 1479 illum
2646 1416 2756 1500 qui
2802 1417 3094 1504 Aeschyli

847 1533 1057 1612 partes
1099 1525 1338 1612 agebat,
1387 1527 1485 1592 his
1531 1525 1732 1592 verbis
1781 1527 2048 1614 puellae,
2100 1527 2323 1593 Musae
2376 1528 2719 1616 Euripidis,
2771 1531 3095 1619 amplexus

847 1641 1231 1728 expetivisse.
2556 1642 2562 1647 ⁴

847 1864 955 1930 Vs.
1009 1855 1219 1929 1327.
1418 1866 1538 1930 οὶνα
1581 1866 1647 1930 τὸ
1692 1865 2201 1946 δωδεκαμήχανον

1424 1980 1679 2061 Κυρήνης
1727 1984 2066 2057 μελοποιῶν.

938 2092 1143 2157 Schol.
1191 2091 1314 2157 ἔστι
1358 2094 1420 2158 δὲ
1466 2093 1629 2174 παρὰ
1670 2093 1752 2157 τα
1796 2091 1864 2168 ἐξ
1904 2093 2250 2173 ’Ὑψιπύλης
2290 2097 2422 2178 Εὑρ.
2449 2098 2630 2175 ,μένα
2652 2098 2717 2162 τὸ
2744 2098 3091 2177 δωδεκαμή-

846 2231 1035 2288 χανον
1100 2205 1345 2288 ἄστρον”
1407 2210 1573 2292 (cum
1618 2206 1825 2272 Schol.
1876 2206 1957 2272 V.
1976 2235 1995 2287 3
2043 2208 2167 2272 alia
2212 2232 2533 2296 perperam
2581 2208 2807 2291 ἄντρον.
2857 2211 3092 2278 Eadem

852 2320 1038 2388 verba
1097 2327 1452 2407 permutata
1507 2329 1656 2386 sunt
1712 2321 1786 2386 fr.
1837 2320 2026 2407 Soph.
2083 2324 2206 2387 571
2261 2322 2364 2409 D.)
2413 2325 2456 2388 i.
2505 2349 2558 2390 e.
2607 2375 2648 2405 „
2669 2325 2780 2405 sol,
2826 2327 2936 2410 qui
2985 2349 3094 2413 per

852 2436 1245 2517 „duodecim
1291 2418 1532 2501 Zodiaci
1579 2437 1753 2521 signa
1797 2436 2086 2500 transit.”
2130 2436 2234 2502 Fr.
2287 2436 2458 2502 Vitio
2509 2439 2699 2503 vertit
2743 2439 3095 2523 Aeschylus

851 2550 1146 2636 Euripidi
1195 2551 1330 2615 eius
1377 2550 1589 2635 poesin
1634 2572 1759 2615 non
1799 2549 1879 2614 ad
1926 2557 2160 2614 certam
2207 2549 2437 2636 pedum
2488 2552 2914 2617 necessitatem
2965 2553 3095 2618 alli-

855 2672 1064 2750 gatam
1110 2687 1240 2729 esse
1286 2685 1555 2747 eumque
1599 2664 1783 2728 variis
1830 2664 2033 2729 modis
2071 2665 2239 2729 sicut
2284 2662 2501 2729 lubeat
2547 2688 2836 2730 numeros
2874 2666 3096 2731 immu-

849 2787 1003 2843 tare.
1069 2776 1162 2854 cf.
1230 2775 1534 2842 Gaisford.
1591 2776 1669 2840 ad
1730 2775 2264 2862 Hephaestionem
2325 2800 2377 2843 c.
2440 2776 2598 2843 XVI
2657 2777 2735 2844 de
2778 2779 3090 2866 polysche·

847 2891 1132 2955 matistis.

940 3002 1087 3068 Non
1133 3009 1363 3081 tamen,
1411 3002 1647 3088 opinor,
1694 3024 1987 3067 numeros
2030 3008 2283 3067 tantum
2325 3009 2398 3066 ut
2437 3003 2932 3090 reprehenderet,
2956 3027 3095 3071 cen·

850 3125 1060 3183 tonem
1106 3141 1225 3182 vss.
1278 3118 1712 3181 1309—1322
1760 3116 2109 3202 composuit
2154 3119 2288 3195 Ar„
2329 3116 2436 3181 sed
2475 3125 2552 3181 ut
2588 3118 2868 3183 studium
2906 3119 3093 3184 simul

848 3230 1172 3317 Euripidis
1229 3236 1475 3295 notaret
1533 3230 1881 3294 carminum
1942 3229 2362 3294 ornandorum
2410 3229 2777 3315 multigenis
2820 3230 3095 3296 flosculis

850 3343 960 3428 qui
987 3321 995 3329 ’
1025 3366 1061 3406 a
1106 3366 1171 3407 re
1216 3343 1398 3429 plane
1443 3342 1646 3407 aliena
1691 3349 1862 3407 sunt.
1915 3341 1979 3406 Si
2030 3341 2332 3428 exemplis
2377 3364 2534 3428 opus
2578 3349 2692 3422 est,
2744 3343 2885 3408 vide
2929 3366 2988 3408 v,
3038 3367 3090 3408 c.

852 3457 1045 3544 Hipp.
1116 3460 1236 3521 121
1302 3480 1433 3542 sqq.
1481 3456 1871 3522 Narraturus
1917 3455 2269 3520 Phaedram
2312 3455 2485 3540 gravi
2533 3454 2813 3520 laborare
2858 3454 3091 3536 morbo,

850 3571 1076 3637 chorus
1136 3579 1277 3658 post
1335 3571 1593 3656 longum
1638 3571 1891 3636 demum
1939 3570 2279 3634 circuitum
2324 3592 2434 3655 per
2481 3550 2779 3634 Ὠκεανοῦ
2826 3567 2968 3650 ὕδωρ
3015 3592 3087 3634 eo

851 3708 976 3770 quo
1035 3685 1149 3750 sibi
1207 3686 1532 3772 proposuit
1577 3687 1882 3772 pervenit,
1933 3684 2227 3768 idemque
2274 3706 2392 3749 vss.
2447 3684 2570 3747 733
2620 3706 2751 3767 sqq.
2803 3705 2946 3768 prae
2993 3682 3096 3748 do·

850 3799 977 3864 lore
1023 3807 1191 3864 terra
1231 3798 1544 3863 discedere
1591 3799 1868 3885 cupiens,
1909 3798 2077 3862 notis
2114 3795 2542 3883 geographicis
2580 3796 2890 3880 querelam
2918 3818 3093 3862 suam

849 3910 1147 3976 illustrat.

847 4135 954 4202 Vs.
1009 4126 1189 4198 1331
1243 4155 1374 4218 sqq.
1422 4131 1522 4198 Ὠ
1572 4134 1804 4206 Νυκτὸς
1851 4133 2256 4213 κελαινοφαὴς

1422 4246 1629 4328 ὄρφνα,
1675 4247 1807 4311 τίνα
1852 4270 1953 4325 μοι

1421 4359 1701 4425 δύστανον
1746 4359 1946 4441 ὄνειρον

1420 4472 1679 4551 πέμπεις
1722 4472 1790 4548 ἐξ
1831 4475 2127 4555 ἀφανοῦς,
2177 4474 2299 4539 κτὲ.

934 4587 1107 4670 Quid
1152 4588 1217 4652 in
1264 4588 1376 4653 hac
1422 4587 1708 4652 monodia
1754 4585 1855 4670 (de
1901 4608 2028 4671 qua
2070 4586 2214 4651 vide
2261 4586 2456 4651 Kock.
2503 4608 2560 4651 a.
2611 4585 2673 4649 h.
2722 4587 2788 4669 1.)
2836 4585 3089 4672 Euripi·
