3875 5634
1872 717 2125 764 mnis.
2985 702 3065 766 67

866 910 1104 955 novum
1130 887 1376 954 schema
1398 889 1739 968 invenerat,
1764 889 1829 954 τὸ
1854 888 2181 968 Φρυνίχειον
2207 910 2292 952 vs,
2316 890 2487 952 1524
2509 888 2916 975 appellatum,
2942 889 3110 974 quod

873 1003 1172 1068 saltantes
1208 1003 1435 1069 calcem
1476 1012 1644 1068 retro
1683 1002 2012 1068 movebant
2051 1010 2115 1067 et
2152 1001 2543 1068 attollebant.
2568 1002 2834 1089 (Hesych
2857 1031 2871 1068 :
2896 1006 3115 1070 ἐκλακ-

874 1121 1107 1197 τισμές·
1168 1126 1393 1200 σχῆμα
1460 1122 1687 1202 χορικὸν
1748 1119 2039 1200 ὀρχήσεως
2101 1118 2382 1184 σύντονον.
2443 1117 2536 1184 Cf.
2586 1118 2745 1185 Poll.
2797 1118 2890 1183 IV
2944 1123 3114 1204 102.)

872 1229 1011 1297 Hoc
1056 1232 1243 1298 saltat
1287 1256 1466 1298 senex
1514 1232 1897 1311 Philocleon,
1945 1233 2256 1318 simulque
2304 1241 2542 1299 motum
2589 1233 2942 1300 describens
2989 1236 3104 1300 sal·

873 1358 1137 1414 tutorem
1201 1347 1661 1435 Phrynicheum
1722 1350 1887 1435 gallo
1950 1350 2288 1436 gallinaceo
2348 1359 2681 1437 comparat.
2731 1350 2898 1416 Galli
2948 1352 3113 1416 enim

875 1472 941 1529 et
980 1464 1257 1550 ‘gallinae
1303 1489 1482 1552 saelm
1530 1466 1752 1552 pedem
1799 1473 1965 1531 retro
2013 1472 2260 1531 movent
2306 1466 2564 1531 humum
2611 1465 2992 1545 effodientes,
3041 1476 3116 1532 nt

879 1603 1115 1645 vermes
1176 1590 1480 1665 quaerant
1541 1582 1637 1646 vel
1699 1582 1901 1648 solum
1966 1589 2280 1647 excavent.
2326 1580 2552 1666 Itaque
2598 1579 2986 1668 Phrynichus
3030 1582 3120 1648 di-

878 1696 1045 1760 citur
1094 1693 1167 1768 56.-
1226 1720 1315 1770 τις
1372 1697 1634 1779 ἀλέκτωρ
1697 1703 1956 1781 (comma
2003 1697 2306 1781 deleatur)
2354 1697 2560 1770 σκέλες
2603 1698 2848 1779 οὐράνιον
2895 1700 3113 1785 (ipsam

879 1811 1272 1876 saltationem
1338 1834 1478 1877 cum
1539 1813 1694 1898 galli
1754 1821 1926 1879 motu
1991 1813 2279 1879 consulto
2323 1811 2673 1896 confundit)
2719 1813 3116 1894 ε’κλκκτίζεινς

882 1948 1152 2010 cumque
1199 1925 1427 1992 calcem
1478 1927 1793 1993 attollenti
1844 1951 2086 1994 necesse
2131 1929 2215 1993 sit
2257 1950 2480 2015 corpus
2525 1926 2786 1993 inclinet
2833 1937 2897 1992 et
2934 1935 3124 2015 eaput

880 2040 1273 2126 aliquantum
1325 2042 1638 2122 demittat,
1686 2045 1762 2108 A.
1806 2043 1982 2109 addit
2029 2045 2296 2117 πτήσσει.
2336 2042 2504 2128 quod
2541 2042 2620 2108 de
2657 2044 2752 2107 avi
2780 2065 2924 2129 prae
2948 2051 3119 2108 metu

883 2181 947 2222 se
995 2156 1366 2223 demittente
1417 2160 1652 2224 dicitur
1700 2166 1763 2224 et
1811 2159 1912 2223 hic
1960 2166 2210 2246 propter
2257 2156 2330 2231 :2⁵4-
2375 2183 2465 2231 τις
2509 2158 2768 2238 ἀλέκτωρ
2804 2160 3122 2246 noninep·

881 2280 1018 2337 tuni
1070 2281 1183 2337 est.
1232 2273 1374 2339 Non
1425 2282 1630 2340 tamen
1682 2297 1925 2340 omnem
1976 2274 2087 2339 hac
2125 2274 2640 2361 interpretatione
2665 2272 3121 2339 dubitationem

881 2386 1187 2453 sublatam
1237 2412 1365 2453 esse
1415 2390 1710 2468 cont-edm
1762 2413 1856 2454 res
1906 2389 2101 2472 magis
2148 2388 2468 2476 perspicua
2515 2389 2675 2454 foret
2721 2388 2769 2453 si
2814 2396 3126 2453 constaret

883 2525 1183 2588 quaenam
1225 2502 1326 2568 hic
1365 2505 1647 2570 imitetur
1684 2507 1791 2570 Ar.
1819 2502 2006 2569 verba
2030 2504 2284 2589 tragica.
2312 2502 2405 2566 De
2431 2502 2696 2587 singulis
2722 2501 2914 2567 huius
2939 2504 3128 2567 canti·

884 2617 1056 2682 lenae
1099 2617 1374 2683 versibus
1411 2642 1609 2706 pauca
1648 2630 1896 2685 tantum
1933 2618 2237 2684 monenda
2260 2626 2409 2684 sunt
2432 2640 2575 2683 cum
2597 2625 2847 2682 taceant
2870 2618 3120 2683 scholia.

980 2735 1167 2796 1482.
1216 2734 1327 2807 Ti,-
1369 2772 1460 2784 —
1503 2734 1717 2799 θάσσει.
1771 2734 1863 2800 Cf.
1919 2734 2098 2799 Hom.
2148 2733 2266 2798 Od.
2318 2731 2546 2798 XVIII
2589 2735 2751 2812 239;
2792 2733 2944 2799 Eur.
2974 2733 3117 2800 Hel.

885 2849 1036 2925 435,
1084 2845 1239 2912 Ilec.
1292 2850 1395 2912 36.

977 2964 1168 3027 1484.
1219 2962 1311 3028 Cr.
1363 2965 1556 3052 Hipp.
1608 2968 1755 3044 808,
1806 2964 1950 3029 Hel.
2003 2967 2192 3029 1180.

979 3079 1170 3141 1489.
1219 3076 1312 3142 Cf.
1358 3077 1513 3143 Eur.
1565 3079 1781 3166 Suppl.
1836 3081 1952 3157 72;
2003 3081 2111 3143 Ar.
2158 3077 2404 3143 Thesm.
2455 3080 2601 3143 328.

977 3193 1165 3256 1492.
1215 3190 1307 3258 Cf.
1349 3191 1501 3258 Eur.
1544 3193 1767 3260 Troad.
1808 3195 1957 3272 325,
1999 3193 2096 3258 El.
2140 3197 2302 3271 860;
2345 3196 2452 3258 Ar.
2476 3191 2664 3280 Vesp.
2698 3194 2864 3257 1530
2898 3191 3119 3278 (Codd.

883 3306 1148 3388 οὐράνιον.
1196 3306 1388 3373 Mein.
1441 3306 1630 3373 Vind.
1680 3332 1740 3396 p.
1790 3311 1893 3389 37,
1946 3333 2028 3372 νε.
2083 3310 2287 3373 1492:
2335 3308 2599 3390 οὐρανίαν
2643 3330 2716 3373 ex
2764 3307 3122 3394 Hesychio).

976 3420 1212 3487 Nullus
1255 3429 1465 3489 tamen
1512 3424 1829 3490 invenitur
1874 3424 2049 3488 locus
2095 3424 2276 3488 cuius
2326 3422 2579 3510 parodia
2623 3423 2932 3488 canticum
2981 3421 3122 3488 Phi·

884 3535 1183 3602 locleonis
1226 3539 1347 3603 dici
1402 3546 1624 3626 potest.

889 3778 993 3843 Vs.
1049 3770 1256 3842 1518.
1307 3777 1412 3857 ἄγ’
1463 3774 1503 3843 ὦ
1551 3779 1967 3858 asyam-&wax
2017 3779 2192 3843 ‘re'xvx
2239 3818 2326 3826 —
2379 3779 2545 3843 1523
2591 3777 3024 3856 κυκλοσοβεῖτε.

973 3894 1057 3958 Et
1118 3895 1359 3958 numeri
1426 3902 1487 3957 ct
1532 3892 1715 3957 verba
1764 3894 2077 3980 parodiam
2129 3893 2427 3959 iudicant.
2479 3892 2635 3957 Cum
2682 3893 2834 3958 τέκν.
2887 3917 2941 3957 τ.
2991 3895 3120 3958 On..

885 4012 973 4094 (in
1033 4009 1169 4075 eod.
1227 4011 1565 4081 θειλκσσίσυ.
1616 4009 1820 4094 Bergk
1869 4010 2186 4074 θειλαισσίευ
2239 4011 2384 4092 θεοῦ)
2433 4008 2509 4074 cf.
2559 4008 2714 4072 Itan.
2767 4012 2892 4071 840
2944 4015 3008 4071 et
3050 4008 3124 4073 fr.

887 4123 1172 4189 Platonis
1235 4123 1448 4187 comici
1496 4124 1558 4187 in
1610 4122 1812 4187 Schol.
1865 4125 1974 4187 Ar.
2026 4122 2169 4187 Pae.
2231 4127 2376 4204 7922,
2421 4122 2614 4187 Mein.
2663 4121 2732 4185 Il
2780 4144 2841 4208 p.
2894 4125 3057 4187 661:
3102 4122 3127 4187 ὁ

888 4240 1166 4321 Καρκίνου
1210 4245 1358 4311 axel:
1403 4244 1505 4303 τεῦ
1553 4240 1867 4304 θκλκττίου
1916 4241 2105 4323 (θεοῦ).
2155 4236 2303 4303 Cob.
2357 4237 2517 4304 Nov.
2567 4236 2640 4300 L.
2683 4260 2744 4324 p.
2793 4240 2893 4300 11.
2922 4238 3127 4301 Simili

885 4354 1070 4420 modo
1128 4351 1481 4418 emendavit
1536 4376 1589 4417 v.
1654 4352 1856 4418 Herw.
1922 4353 2337 4438 fragmentum
2388 4350 2817 4438 Campylionis
2864 4350 3127 4429 Eubuli,

884 4467 1083 4533 Mein.
1146 4466 1252 4533 III
1311 4489 1372 4554 p.
1438 4470 1586 4531 225.
1648 4467 1753 4541 τήν
1810 4468 1863 4530 τ’
1918 4468 2278 4547 εὐπρόσωπον
2324 4466 2564 4532 λοπέδκ
2635 4470 2736 4531 τοῦ
2800 4466 3117 4532 oxma-riou

885 4582 1007 4647 κτὲ.
1057 4581 1242 4648 Anal.
1292 4580 1447 4647 Crit.
1493 4604 1554 4669 p.
1606 4583 1711 4646 30.
