3875 5634
1873 694 2126 741 vestan.
2986 679 3067 742 67

867 888 1103 933 novum
1129 865 1377 931 schema
1400 866 1740 946 invenerat,
1765 866 1830 931 τὸ
1855 865 2181 945 Φρυνίχειον
2208 887 2291 929 ve.
2317 866 2488 929 1524
2509 864 2916 951 appellatum,
2942 865 3109 950 quod

874 981 1172 1047 saltantes
1209 980 1436 1046 calcem
1479 990 1644 1046 retro
1683 979 2014 1046 movebant
2052 988 2115 1044 et
2153 978 2544 1045 attollebant.
2569 978 2835 1065 (Hesych
2859 1007 2871 1045 ε
2896 983 3115 1046 ἐκλακ-

875 1098 1108 1175 τισμέο·
1169 1103 1394 1176 σχῆμα
1460 1100 1687 1177 χορικὸν
1749 1096 2040 1178 ὀρχήσεως
2101 1095 2382 1162 σύντονον.
2444 1094 2536 1160 Cf.
2587 1094 2745 1161 Poll.
2798 1094 2892 1159 IV
2945 1099 3114 1180 102.)

872 1208 1012 1275 Hoc
1056 1210 1245 1276 saltat
1288 1234 1467 1275 senex
1516 1209 1899 1289 Philoclem,
1947 1210 2257 1295 simulque
2304 1219 2543 1276 motum
2590 1209 2943 1276 describens
2990 1212 3103 1276 sal-

873 1336 1137 1392 tatorem
1202 1324 1661 1413 Phrynicheum
1723 1327 1888 1413 gallo
1952 1326 2288 1412 gallinaceo
2350 1336 2682 1413 comparat.
2733 1326 2901 1392 Galli
2949 1328 3112 1393 euim

877 1450 943 1508 et
981 1442 1257 1528 'gallinae
1305 1467 1483 1530 saepe
1533 1444 1752 1530 pedem
1798 1451 1966 1509 retro
2014 1449 2260 1507 movent
2305 1442 2566 1508 humum
2613 1441 2993 1522 effodientes,
3043 1451 3116 1509 ut

879 1581 1116 1623 vermes
1177 1567 1481 1643 quaerant·
1543 1559 1639 1624 vel
1700 1559 1902 1624 solum
1966 1566 2281 1624 excavent.
2327 1558 2553 1643 Itaque
2599 1557 2989 1645 Phrynichus
3032 1558 3120 1624 di·

879 1675 1045 1738 citur
1094 1671 1168 1745 ὥς
1227 1698 1316 1748 τις
1374 1675 1635 1757 ἀλέκτωρ
1697 1680 1958 1758 (comma
2004 1673 2307 1757 deleatur)
2356 1674 2560 1747 σκέλος
2605 1674 2850 1755 οὐράνιον
2897 1676 3115 1761 (ipsam

880 1788 1274 1854 saltationem
1340 1812 1479 1855 eum
1541 1790 1694 1875 galli
1755 1799 1927 1855 motu
1992 1789 2281 1855 consulto
2326 1788 2674 1873 confundit)
2720 1789 3118 1871 ἐκλακτίζεινς

882 1926 1152 1989 cumque
1201 1904 1430 1969 calcem
1480 1905 1794 1970 attollenti
1844 1927 2086 1970 necesse
2132 1905 2217 1969 sit
2259 1926 2482 1992 corpus
2526 1903 2787 1968 inclinet
2835 1915 2899 1969 et
2936 1912 3125 1992 eaput

881 2019 1273 2105 aliquantum
1327 2020 1640 2099 demittat,
1687 2023 1763 2085 A.
1807 2021 1983 2086 addit
2030 2022 2298 2093 πτήσσει,
2337 2018 2506 2104 quod
2543 2019 2621 2084 de
2659 2020 2753 2083 avi
2782 2042 2926 2105 prae
2950 2028 3122 2085 metu

884 2159 947 2199 se
996 2134 1368 2200 demittente
1419 2137 1652 2202 dieitur
1701 2144 1765 2201 et
1812 2137 1912 2201 hie
1960 2143 2211 2222 propter
2258 2133 2332 2208 ἔς
2376 2159 2465 2207 τις
2511 2134 2770 2215 ἀλέκτωρ
2807 2137 3125 2222 noninep-

884 2258 1019 2315 tum
1071 2258 1183 2315 est.
1233 2251 1377 2316 Non
1427 2259 1631 2317 tamen
1685 2274 1927 2317 omnem
1977 2251 2088 2316 hac
2126 2250 2642 2338 interpretatione
2666 2249 3124 2315 dubitationem

881 2363 1189 2430 sublatam
1239 2390 1366 2430 esse
1416 2367 1682 2431 concedo
1697 2394 1713 2445 ;
1763 2390 1857 2431 res
1908 2367 2102 2449 magis
2149 2365 2469 2452 perspicua
2517 2366 2675 2430 foret
2722 2364 2771 2429 si
2816 2372 3129 2430 constaret

883 2502 1185 2564 quaenam
1227 2480 1328 2545 hic
1366 2482 1649 2546 imitetur
1686 2484 1793 2545 Ar.
1820 2480 2006 2545 verba
2031 2482 2285 2565 tragica.
2313 2479 2406 2544 De
2433 2479 2698 2564 singulis
2724 2479 2916 2544 huius
2941 2481 3130 2544 canti-

884 2595 1058 2661 lenae
1101 2594 1376 2661 versibus
1412 2619 1611 2683 pauca
1651 2605 1897 2661 tantum
1934 2594 2239 2661 monenda
2263 2603 2411 2661 sunt
2434 2617 2576 2660 eum
2600 2602 2850 2660 taceant
2872 2595 3122 2660 scholia.

978 2713 1168 2774 1482.
1218 2712 1329 2785 Τίς
1371 2750 1461 2760 -
1505 2712 1719 2777 θάσσει.
1773 2711 1864 2776 Cf.
1920 2710 2099 2776 Hom.
2150 2710 2268 2774 Od.
2319 2708 2548 2774 XVIII
2591 2712 2754 2789 2393
2794 2710 2946 2775 Eur.
2977 2710 3119 2776 Hel.

885 2828 1037 2903 438,
1086 2823 1241 2890 Hae.
1294 2828 1397 2889 36.

979 2943 1170 3005 1484.
1222 2940 1313 3005 Cf.
1366 2943 1559 3029 Hipp.
1610 2945 1757 3021 808,
1808 2941 1950 3007 Hel.
2005 2944 2194 3006 1180.

981 3058 1171 3120 1489.
1221 3054 1313 3119 Cf.
1362 3055 1515 3120 Eur.
1567 3056 1783 3143 Suppl.
1837 3058 1953 3133 72;
2004 3059 2112 3120 Ar.
2160 3054 2406 3120 Thesm.
2456 3058 2604 3120 328.

979 3171 1167 3233 1492.
1217 3168 1310 3234 Cf.
1352 3169 1503 3235 Eur.
1546 3169 1769 3236 Troad.
1810 3172 1959 3250 3:25,
2001 3171 2098 3236 El.
2143 3174 2305 3249 860;
2347 3173 2454 3234 Ar.
2481 3168 2668 3257 Vesp.
2702 3172 2868 3235 1530
2901 3167 3123 3257 (Codd.

884 3283 1150 3366 οὐράνιον.
1199 3283 1391 3350 Mein.
1443 3284 1641 3351 vind.
1681 3309 1741 3373 p.
1791 3289 1895 3366 37,
1948 3310 2030 3350 vs,
2086 3288 2289 3350 1492:
2338 3285 2602 3366 οὐρανίαν
2647 3308 2720 3350 ex
2768 3285 3125 3371 Hesychio).

978 3398 1214 3465 Nullus
1257 3406 1467 3466 tamen
1513 3402 1830 3467 invenitur
1877 3401 2052 3467 loeus
2097 3401 2279 3466 euius
2329 3399 2582 3487 parodia
2626 3400 2936 3466 canticum
2983 3400 3127 3465 Phi-

886 3514 1185 3580 locleonis
1228 3516 1353 3581 dici
1405 3524 1627 3603 potest.

890 3757 995 3822 Vs.
1052 3749 1259 3819 1518.
1310 3755 1415 3835 ἄγ’
1466 3751 1506 3820 ὦ
1555 3756 1969 3835 μεγαλώνυμα
2019 3756 2196 3820 τέκνα
2241 3795 2329 3804 -
2382 3757 2548 3821 1523
2595 3754 3026 3833 κυκλοσοβεῖτε.

976 3872 1059 3936 Et
1121 3873 1361 3936 numeri
1428 3879 1489 3935 et
1535 3870 1718 3935 verba
1767 3872 2079 3956 parodiam
2134 3871 2429 3936 indicant.
2481 3870 2637 3935 Cum
2685 3871 2838 3935 τέκν.
2891 3895 2944 3935 τ.
2994 3872 3123 3936 θαλ.

888 3990 975 4073 (in
1037 3986 1171 4052 eod.
1230 3989 1567 4058 θαλασσίου.
1618 3987 1823 4071 Bergk
1872 3989 2189 4052 θαλασσίου
2243 3990 2387 4069 θεοῦ)
2435 3986 2512 4051 ef.
2563 3986 2718 4050 Rau.
2771 3990 2896 4050 840
2948 3993 3012 4048 et
3055 3986 3126 4050 fr.

889 4100 1174 4166 Platonis
1238 4102 1451 4165 comici
1499 4103 1561 4165 in
1613 4100 1815 4164 Schol.
1868 4103 1977 4165 Ar.
2029 4101 2172 4165 Pac.
2235 4103 2379 4180 792,
2423 4099 2617 4165 Mein.
2666 4099 2736 4163 11
2784 4123 2844 4186 p.
2898 4103 3060 4163 661:
3105 4100 3130 4163 ὁ

890 4217 1169 4298 Καρκίνου
1213 4223 1361 4289 παῖς
1406 4221 1508 4281 τοῦ
1555 4217 1872 4281 θαλαττίου
1920 4219 2108 4300 (θεοῦ).
2158 4214 2306 4280 Cob.
2360 4214 2521 4280 Nov.
2571 4214 2644 4278 L.
2686 4237 2748 4301 p.
2797 4217 2897 4278 11.
2926 4214 3130 4278 Simili

888 4333 1073 4397 modo
1131 4329 1483 4396 emendavit
1539 4353 1592 4394 v.
1656 4330 1860 4395 Herw.
1924 4332 2341 4416 fragmentum
2391 4327 2820 4416 Campylionis
2867 4328 3129 4406 Eubuli,

886 4445 1086 4510 Mein.
1148 4444 1254 4510 III
1315 4467 1375 4531 p.
1441 4447 1589 4509 225.
1650 4446 1758 4519 τήν
1813 4446 1867 4508 τ’
1922 4446 2282 4525 εὐπρόσωπον
2328 4444 2569 4509 λοπάδα
2639 4448 2741 4508 τοῦ
2805 4442 3120 4508 θαλαττίου

888 4559 1010 4625 κτὲ.
1060 4559 1245 4625 Anal.
1295 4557 1450 4625 Crit.
1496 4581 1557 4647 p.
1609 4561 1715 4624 30.
