3875 5634
1782 791 1962 836 Avus·
2858 777 2941 839 83

750 974 859 1039 Vs.
910 966 1072 1036 829.
1142 971 1247 1036 καὶ
1294 976 1417 1044 πῶς
1462 971 1534 1035 ἂν
1583 970 1667 1035 ἔτι
1710 971 1919 1051 γένοιτ’
1968 969 2042 1036 ἂν
2085 970 2363 1045 εὔτακτος
2412 972 2598 1045 πόλις,

1148 1084 1289 1150 ὅπου
1336 1086 1475 1159 θεὸς,
1517 1085 1666 1163 γυνὴ
1716 1092 2014 1164 γεγονυῖα,
2062 1085 2395 1150 πανοπλίαν

1146 1199 1346 1274 ἕστηκ’
1394 1197 1642 1280 ἔχουσα,
1693 1199 2035 1273 Κλεισθένης
2083 1198 2146 1264 δὲ
2192 1201 2465 1279 κερκίδας

841 1364 1153 1450 Sagaciter
1215 1368 1289 1427 ut
1350 1362 1509 1429 solet
1572 1361 1855 1428 Fritsche
1923 1326 2094 1446 (Acti
2157 1360 2289 1426 Soc.
2354 1360 2460 1427 Gr.
2521 1362 2555 1428 I
2600 1387 2660 1450 p.
2714 1367 2840 1429 144
2888 1388 2986 1454 ap.

753 1476 999 1543 Welck.
1048 1476 1119 1541 II
1163 1499 1224 1563 p.
1278 1477 1426 1560 755)
1474 1462 1739 1541 coniecit
1785 1475 1899 1540 hos
1946 1497 2160 1540 versus
2197 1476 2512 1562 parodiam
2552 1477 2841 1545 exhibere
2864 1502 2992 1546 ver-

752 1593 973 1658 borum
1033 1591 1353 1678 Euripidis
1418 1614 1452 1655 e
1514 1590 1834 1673 Meleagro
1894 1588 2127 1675 quibus
2187 1590 2333 1656 olim
2379 1590 2443 1656 in
2490 1593 2808 1677 tragoedia
2855 1617 2992 1660 con-

752 1707 1042 1771 iunctum
1101 1705 1325 1771 fuisset
1385 1704 1457 1768 fr.
1512 1707 1659 1768 526.
1712 1702 2008 1767 Welcker
2055 1703 2324 1790 primum
2372 1712 2618 1769 tantum
2666 1729 2907 1772 versum
2957 1730 2991 1772 e

755 1820 1073 1904 Meleagro
1119 1825 1397 1883 sumtum
1444 1825 1510 1882 et
1555 1817 1906 1902 fragmento
1958 1819 2085 1880 526
2126 1818 2645 1902 praemittendum
2685 1843 2815 1885 esse
2855 1841 2995 1885 con-

753 1934 980 1999 tendit.
1041 1936 1128 1997 At
1189 1933 1303 1997 hac
1360 1934 1721 1997 coniectura
1780 1954 1907 1997 non
1971 1953 2128 2018 opus
2172 1939 2283 1997 est.
2331 1931 2614 1999 Fortasse
2661 1957 2802 2000 cum
2846 1935 2996 2000 haec

754 2048 1001 2135 scripsit
1058 2046 1505 2134 Aristophanes
1566 2045 2009 2112 recordabatur
2070 2068 2281 2111 versus
2329 2045 2665 2132 Sophoclis,
2716 2048 2791 2113 fr.
2840 2051 2987 2130 606,

753 2163 817 2226 οὐ
863 2161 980 2242 γάρ
1022 2160 1154 2225 ποτ’
1201 2157 1276 2226 ἂν
1324 2159 1534 2238 γένοιτ’
1579 2158 1652 2224 ἂν
1690 2159 1988 2240 ἀσφαλὴς
2026 2161 2215 2233 πόλις,
2255 2166 2368 2224 aut
2401 2158 2742 2247 Euripidis,
2769 2161 2989 2248 Suppl.

755 2276 906 2354 447,
953 2279 1077 2347 πῶς
1121 2268 1213 2339 οὖν
1251 2271 1335 2338 ἔτ’
1380 2273 1453 2338 ἂν
1500 2273 1709 2352 γένοιτ’
1759 2271 1834 2339 ἂν
1880 2273 2099 2354 ἰσχυρὰ
2144 2273 2345 2349 πόλιςς

758 2558 868 2625 Vs.
919 2551 1081 2622 842.
1152 2560 1562 2642 κωδωνοφορῶν
1609 2559 1932 2642 περίτρεχε.

847 2697 1054 2763 Schol.
1117 2699 1351 2777 μήποτε
1410 2696 1472 2764 δὲ
1526 2699 1971 2780 παρακωμῳδεῖ
2008 2699 2107 2764 τὸν
2151 2697 2465 2779 Εὐριπίδου
2510 2700 2889 2778 Παλαμήδην
2931 2703 2995 2768 οὖ

755 2813 860 2893 πρὸ
915 2816 1135 2876 πολλοῦ
1180 2811 1613 2891 δεδιδαγμένον.
1662 2810 1744 2876 In
1794 2811 2129 2876 Palamede
2175 2813 2410 2876 mentio
2454 2811 2641 2878 fiebat
2683 2818 2847 2879 τινῶν
2889 2839 2997 2880 πε-

752 2925 1124 3006 ριπολούντων
1184 2925 1287 2989 σὺν
1347 2926 1569 2990 κώδωσι
1616 2932 1724 2999 τῆς
1769 2925 1992 2997 νυκτός,
2041 2930 2118 2988 ut
2163 2925 2345 2989 docet
2391 2924 2845 3012 Harpocration
2892 2951 2990 3015 ap.

760 3036 951 3103 Dind.
996 3037 1149 3103 Eur.
1196 3037 1271 3102 fr.
1324 3040 1472 3102 592.

759 3310 869 3377 Vs.
919 3303 1081 3374 851.
1130 3354 1147 3367 s
1618 3310 1910 3391 ὁμορροθῶ,
1960 3306 2228 3385 ξυνθέλω.

847 3449 1081 3515 Insunt
1142 3447 1319 3513 huic.
1350 3446 1700 3512 comoediae
1761 3450 2037 3529 carmina
2096 3447 2336 3513 chorica
2401 3471 2559 3534 quae
2618 3448 3001 3535 tragoediam

762 3564 1036 3651 sapiunt,
1084 3586 1142 3628 v.
1191 3585 1242 3627 c.
1291 3565 1407 3626 45]
1467 3584 1623 3646 sqq.,
1672 3584 1831 3646 quae
1876 3569 2090 3626 tamen
2139 3585 2213 3626 an
2261 3585 2472 3627 revera
2512 3564 2827 3650 parodiam
2868 3588 3006 3631 con·

760 3678 1005 3742 tineant
1064 3675 1411 3741 diiudicare
1471 3698 1595 3740 non
1660 3697 2014 3761 possumus.
2083 3674 2316 3740 Verum
2366 3677 2444 3740 ad
2488 3700 2573 3740 vs.
2624 3682 2742 3741 851
2800 3678 3002 3744 Schol.

762 3790 1066 3871 ὃμορροθῶε
1135 3788 1507 3869 Σοφοκλέους
1574 3791 1641 3853 ἐκ
1702 3788 1947 3863 Πηλέως
2010 3795 2075 3853 et
2135 3787 2213 3852 ad
2276 3812 2362 3855 vs.
2416 3791 2539 3853 857
2588 3791 2807 3863 Πυθιὰς
2854 3792 3002 3870 βοαε

762 3902 866 3969 καὶ
914 3908 1083 3969 τοῦτο
1130 3904 1192 3968 δὲ
1237 3905 1304 3968 ἐκ
1351 3903 1607 3977 Πηλέως.
1661 3900 1763 3967 Fr.
1814 3905 1943 3966 446
1994 3900 2101 3982 N.‚
2152 3904 2279 3967 435
2328 3901 2407 3967 D.
2450 3901 2619 3983 Quid
2660 3928 2693 3968 e
2734 3928 2851 3969 vss.
2879 3907 3004 3968 852

763 4039 894 4101 sqq.
960 4015 1283 4102 Sophoclis
1345 4016 1536 4081 fuerit
1581 4037 1707 4081 non
1755 4017 1976 4101 liquet.
2028 4016 2206 4097 Quae
2254 4014 2581 4102 subiungit
2624 4026 2808 4103 poeta
2851 4042 3005 4097 συμ-

764 4128 1118 4209 παραινέσας
1164 4128 1287 4208 ἔχω
1338 4127 1676 4214 Sophoclea
1723 4152 1854 4192 esse
1895 4136 2178 4214 possunt,
2217 4150 2344 4192 non
2384 4136 2591 4194 tamen
2627 4130 2741 4193 hoc
2763 4130 3008 4195 schema

766 4244 956 4308 unius
1016 4241 1334 4329 Sophoclis
1395 4241 1716 4328 proprium
1782 4248 1896 4321 est,
1950 4241 2025 4306 cf.
2075 4240 2228 4306 Eur.
2280 4241 2524 4307 Heracl.
2573 4244 2722 4323 436,
2776 4242 3003 4309 Troad.

771 4357 960 4434 1150,
1010 4362 1074 4420 et
1116 4378 1173 4420 v.
1223 4354 1428 4419 HerW.
1480 4355 1559 4418 ad
1609 4353 1750 4418 Ion.
1801 4356 1951 4418 230.

854 4467 963 4534 Vs.
1028 4471 1154 4533 865
1216 4468 1461 4549 εὔχεσθε
1526 4467 1589 4533 δὲ
1652 4467 1869 4550 Ἐστία
1913 4467 2036 4532 κτὲ.
2088 4465 2352 4533 Parodia
2397 4477 2492 4534 est
2536 4490 2810 4555 precum,
2858 4491 3011 4554 quas

762 4583 979 4649 Ionica
1021 4583 1290 4650 dialecto
1335 4580 1686 4648 recitabant
1731 4580 2167 4647 sacrificaturi.
