3875 5634
1831 772 1981 818 Pax.
2174 707 2180 713 ⁶
2900 760 2978 825 ⁷1

862 941 1171 1023 Queritur
1216 939 1381 1005 enim
1427 939 1504 1004 B.
1551 963 1617 1005 se
1653 939 1908 1006 laudem
1950 941 2068 1007 sibi
2109 963 2234 1007 non
2273 942 2591 1028 collegisse
2627 967 2832 1030 neque
2855 968 3031 1032 prae·

777 1055 902 1119 mia
945 1054 1169 1120 tulisse
1214 1053 1493 1119 virtutis.

854 1166 1112 1234 Decidit
1157 1190 1233 1233 ex
1277 1189 1440 1253 equo
1486 1167 1929 1256 Bellerophon.
1979 1169 2058 1237 In
2102 1192 2350 1236 scenam
2395 1172 2622 1257 prodit,
2668 1173 2770 1238 vel
2816 1174 3030 1260 potius

769 1282 989 1361 fertur,
1052 1280 1316 1347 sordidis
1372 1280 1670 1360 vestibus,
1719 1282 2005 1362 claudus,
2056 1284 2211 1349 Ach.
2261 1287 2410 1366 426,
2459 1292 2524 1349 et
2567 1286 2733 1351 mala
2778 1287 3026 1353 fortiter

771 1416 1097 1482 perpessus
1142 1394 1511 1461 vulneribus
1552 1395 1848 1485 moritur.

859 1510 1002 1575 Alia
1045 1517 1260 1574 narrat
1305 1508 1599 1594 Hyginus
1644 1508 1766 1574 fab.
1818 1512 1898 1576 57
1947 1512 2191 1589 „Hanc
2235 1510 2646 1596 (chimaeram)
2695 1536 2872 1597 super
2910 1514 3026 1579 Pe·

771 1647 1025 1706 „9asum
1078 1627 1282 1688 sedens
1346 1623 1658 1710 interfecit
1719 1630 1779 1686 et
1833 1625 2116 1689 decidisse
2158 1626 2381 1690 dicitur
2426 1627 2490 1690 in
2536 1649 2762 1709 campos
2806 1629 3024 1708 Aleion,

768 1745 981 1819 „unde
1029 1740 1212 1803 etiam
1258 1761 1431 1803 eoa-as
1474 1738 1708 1802 eiecisse
1749 1739 1997 1804 dicitur.
2046 1743 2130 1802 At
2175 1761 2279 1803 rea·
2315 1739 2566 1804 virtutes
2600 1715 2728 1804 einis
2763 1741 3025 1806 laudans

769 1855 1078 1932 „alteram
1129 1853 1332 1937 filiam
1377 1853 1541 1917 dedit
1585 1852 1643 1915 ei
1687 1851 1752 1915 in
1807 1852 2264 1917 matrimonium.
2313 1852 2661 1917 Stheneboea
2705 1875 2768 1917 re
2809 1854 3027 1919 audita

771 2017 810 2046 ‚,
831 1968 960 2050 ipsa
1004 1990 1065 2031 se
1111 1967 1487 2054 interfecit?
1533 1964 1774 2030 Verum
1819 1965 1973 2031 haec
2018 1965 2420 2053 Euripideam
2469 1966 2850 2052 tragoediam
2897 1988 3024 2032 non

767 2089 1052 2167 spectant
1114 2103 1317 2166 neque
1377 2082 1545 2146 inter
1591 2104 1657 2145 se
1704 2080 2035 2145 cohaerent
2061 2078 2125 2164 ¹).
2180 2079 2359 2145 Duae
2406 2080 2774 2145 coaluerunt
2819 2103 3026 2146 narra-

770 2196 994 2276 tiones,
1053 2195 1253 2260 altera
1311 2195 1884 2282 Bellerophontem,
1932 2194 2192 2259 victoria
2237 2201 2570 2280 reportata,
2617 2194 2806 2259 filiam
2859 2195 3025 2279 regis

773 2333 1031 2375 uxorem
1078 2309 1349 2390 duxisse,
1397 2309 1596 2374 altera
1642 2306 1910 2374 eundem
1962 2332 1995 2373 e
2043 2306 2280 2394 Pegaso
2329 2308 2392 2372 in
2433 2315 2658 2373 terram
2698 2307 3021 2373 decidisse.

770 2423 976 2491 Verba
1019 2435 1079 2490 et
1124 2426 1406 2490 decidisse
1451 2462 1538 2472 —
1588 2425 1819 2488 dicitur
1865 2424 2123 2488 seclusit
2166 2421 2402 2508 Lange.
2450 2421 2547 2486 De
2595 2422 2832 2508 origine
2878 2422 3024 2487 miri

772 2538 948 2603 illius
995 2561 1168 2603 coa-os
1215 2539 1448 2603 eiecisse
1492 2537 1616 2602 vid.
1665 2535 2062 2622 Epimetrum
2112 2533 2241 2600 III.

859 2649 1286 2716 Stheneboeae
1332 2650 1401 2715 in
1449 2649 1569 2715 hac
1613 2649 1936 2735 tragoedia
1982 2655 2189 2736 partes
2233 2647 2445 2713 nullae
2494 2631 2773 2712 fuerunt.
2821 2646 3021 2732 Dege-

768 2764 877 2829 bat
943 2764 1054 2829 illa
1112 2763 1435 2850 Tirynthe,
1496 2761 1916 2849 Bellerophon
1974 2762 2040 2827 in
2101 2760 2310 2847 Lycia.
2378 2760 2524 2826 Sine
2570 2759 2762 2826 dubio
2808 2767 3023 2826 tamen

768 2877 1157 2956 insidiarum,
1221 2899 1381 2962 quae
1444 2877 1537 2943 illi
1599 2882 1934 2956 struxerat,
1984 2876 2220 2941 mentio
2265 2875 2430 2940 facta
2473 2882 2589 2954 est,
2640 2875 2716 2939 cf.
2765 2875 2842 2939 fr.
2891 2877 3020 2939 290

767 2999 831 3056 et
876 3013 1036 3076 quae
1081 2992 1378 3056 annotavi
1426 2991 1505 3056 ad
1550 2990 1709 3056 Rau.
1764 2992 1959 3056 1051.
2410 3063 2414 3067 ‚

854 3102 989 3169 Iam
1037 3105 1115 3170 de
1163 3104 1420 3191 parodia
1466 3103 1805 3169 videamus
1856 3102 2404 3190 Bellerophontem
2454 3102 2715 3184 παρῳδεῖ
2744 3101 3033 3175 comicus,

764 3240 1023 3305 persona
1084 3217 1367 3304 Trygaei.
1385 3217 1625 3330 Hbuic
1665 3224 1761 3284 est
1806 3215 2173 3283 scarabaeus
2220 3218 2537 3280 Aetnaeus
2582 3214 2681 3301 (de
2725 3237 2850 3299 quo
2896 3215 3020 3280 iam
3113 3258 3121 3267 -

767 3331 1134 3418 Aeschylus,
1196 3333 1270 3397 fr.
1337 3336 1463 3399 229
1528 3332 1615 3397 Ν.
1673 3334 1801 3396 232
1868 3330 1972 3410 D.;
2034 3329 2388 3417 Sophocles,
2448 3331 2523 3395 fr.
2576 3332 2701 3394 166
2748 3328 2832 3394 Ν.
2886 3330 3012 3394 173

765 3444 866 3525 D.,
943 3446 1111 3529 quod
1180 3453 1392 3511 tamen
1453 3469 1608 3511 num
1672 3382 1998 3532 Sophoclis
2058 3446 2141 3509 sit
2198 3443 2450 3509 dubitat
2512 3442 2777 3521 Nauck,
2837 3442 3021 3508 Plato

766 3581 920 3624 com.
991 3559 1067 3623 fr.
1132 3558 1328 3624 Mein.
1395 3558 1467 3624 II
1530 3582 1589 3645 p.
1658 3563 1811 3645 624)
1860 3580 2050 3644 quem
2097 3556 2513 3639 ἱπποκάνθκρον
2559 3564 2737 3622 vocat
2785 3556 3025 3622 Aristo·

765 3671 1019 3758 phanes,
1067 3694 1296 3737 novum
1345 3673 1583 3759 fingens
1631 3679 1981 3738 monstrum
2031 3672 2109 3737 ad
2156 3693 2433 3736 normam
2478 3667 2673 3745 ξανθοῦ
2713 3669 3014 3735 iva-aasu-

762 3808 918 3866 τορος
964 3785 1283 3870 Aeschyli.
1329 3774 1429 3835 *(’Ἷ

857 3896 988 3963 Vss.
1039 3901 1145 3964 58.
1326 3895 1368 3963 ὦ
1416 3905 1551 3973 Ζεῦ,
1600 3901 1663 3966 τί
1702 3923 1848 3965 ποτε
1893 3897 2159 3978 βουλεύει
2203 3905 2419 3974 macru,

940 4017 1005 4076 et
1054 4014 1137 4074 62
1320 4008 1363 4076 ὦ
1415 4016 1550 4093 Ζεῦ,
1602 4014 1664 4078 τί
1704 4013 1980 4094 δρασείεις
2024 4011 2154 4077 ποθ’
2197 4011 2361 4090 ἡμῶν
2406 4012 2503 4077 τὸν
2547 4011 2727 4087 λεώνς

826 4235 861 4298 ¹)
894 4234 1097 4285 Similia
1144 4233 1310 4284 Schol.
1355 4234 1418 4284 11.
1465 4234 1535 4285 v1
1572 4235 1667 4285 155
1702 4234 1940 4297 λέγεται.
1961 4274 1971 4284 .
1991 4274 2002 4285 .
2024 4274 2034 4284 .
2072 4237 2155 4285 τὸν
2195 4234 2247 4285 a}
2287 4235 2382 4286 Ala
2411 4234 2679 4295 μηνίσαντα
2716 4232 2900 4295 οἶστρον
2931 4231 3019 4296 ὅμ-

757 4328 926 4388 βαλεῖν
972 4330 1042 4389 τῷ
1090 4326 1316 4388 Πηγάσῳ
1363 4324 1490 4374 ὥστε
1524 4323 1740 4375 ἔκτεσεῒν
1773 4327 1862 4386 μὶν
1895 4328 1979 4376 τὸν
2018 4333 2062 4375 Β.
2102 4325 2186 4375 καὶ
2219 4328 2561 4388 κατενεχθῆναι
2598 4325 2663 4383 εἷς
2697 4328 2755 4395 τὸ
2789 4328 2877 4383 τῆς
2913 4332 3018 4375 Λυ-

757 4417 861 4474 κίας
907 4415 1084 4475 πεδίον,
1135 4419 1194 4466 τὸ
1228 4416 1317 4466 abr*
1362 4415 1516 4466 aaron
1557 4414 1850 4476 καλούμενον
1897 4414 2098 4473 Ἀλιΐίον
2146 4415 2317 4472 πεδῖον,
2365 4417 2575 4467 ἀλᾶσθαι
2619 4415 2671 4466 δὶ
2693 4418 2838 4467 κατὰ
2870 4418 3019 4465 τοῦτο

653 4506 660 4513 ’
757 4507 1034 4568 πηρωθέντα.
1083 4510 1153 4558 At
1196 4508 1635 4575 Bellerophontem
1672 4507 1994 4573 Euripideum
2032 4523 2132 4558 non
2167 4507 2221 4557 in
2255 4523 2426 4573 eampo
2464 4508 2610 4557 Aleio
2648 4523 2844 4557 masec
2880 4522 3026 4572 appe·

754 4594 832 4650 ret
869 4616 895 4649 ο
932 4600 992 4675 tr.
1030 4600 1146 4650 812.
