3875 5634
1714 684 1719 689 ⁴
1816 739 2102 800 murres.
2958 725 3037 788 31

687 920 718 943 ⁶
840 914 1083 994 θέλγειν
1129 911 1437 977 usitatum
1485 910 1570 974 sit
1615 910 1791 996 epico
1837 931 2118 975 sermone
2164 930 2290 994 quo
2337 916 2403 974 et
2447 906 2518 974 αἵ
2556 934 2624 974 κε
2670 910 2964 1005 pertinet.
3009 910 3084 976 In

841 1028 1094 1094 scholiis
1137 1025 1376 1111 legitur
1420 1022 1488 1087 αἵ
1519 1048 1586 1088 κε
1632 1023 1718 1101 μὴ
1764 1021 2067 1105 θαλφθῇε
2109 1021 2551 1105 Καταθαλφθῇ
2592 1024 2700 1089 sed
2724 1022 2877 1089 Rav.
2902 1023 3089 1089 habet

845 1137 1294 1220 Καταθελχθῇ.
1363 1136 1646 1202 Fortasse
1690 1136 1892 1202 simile
1936 1135 2092 1221 quid
2137 1135 2286 1201 olim
2332 1136 2397 1201 in
2446 1134 2803 1203 Heraclidis
2850 1136 3092 1223 legeba-

843 1263 971 1319 tur.
1022 1251 1145 1318 Sed
1190 1250 1310 1316 hoc
1353 1258 1430 1316 ut
1479 1250 1668 1315 nimis
1712 1250 2020 1315 incertum
2069 1251 2276 1315 mitto.

849 1489 957 1556 Vs.
1010 1483 1175 1553 221.
1282 1488 1451 1554 άλλοὶ
1496 1474 1794 1570 στεφανοῦ
1838 1488 1939 1553 καὶ
1985 1488 2196 1554 σπένδε
2240 1491 2322 1568 τῷ
2370 1488 2677 1570 Κοαλέμῳ.

941 1603 1144 1671 Schol.
1207 1608 1378 1669 τοῦτο
1440 1602 1502 1667 δὲ
1560 1600 1892 1683 παρῴδησεν
1953 1603 2020 1667 ἐκ
2079 1610 2186 1676 τῆς
2246 1602 2581 1684 τραγῳδίας
2641 1603 2684 1666 i.
2748 1626 2800 1666 e.
2848 1625 3091 1669 servum

845 1718 999 1783 facit
1062 1718 1424 1801 loquentem
1485 1714 1651 1779 sicut
1709 1714 2063 1799 loquuntur
2119 1715 2185 1780 in
2231 1696 2572 1801 tragoedia,
2620 1716 3090 1798 παρατραγῳδεῖ.

850 1831 1225 1898 Conferatur
1272 1829 1425 1895 Eur.
1473 1829 1697 1895 Bacch.
1750 1831 1915 1894 313:

1240 1944 1344 2009 καὶ
1390 1944 1603 2009 σπένδε
1646 1943 1749 2008 καὶ
1795 1943 2069 2024 βάκχευε
2112 1942 2219 2008 καὶ
2266 1944 2493 2026 στέφου
2535 1943 2706 2025 κάρα.

938 2057 1142 2139 Quem
1192 2057 1569 2123 versiculum
1616 2057 1872 2122 afferens
1916 2079 2043 2122 non
2083 2055 2223 2122 dico
2264 2057 2746 2144 Aristophanem
2786 2079 2931 2122 eum
2965 2057 3100 2122 imi-

845 2180 1051 2238 tatum
1101 2195 1252 2253 esse,
1301 2194 1443 2237 nam
1489 2169 1766 2236 Bacchae
1813 2170 2055 2236 dudum
2108 2179 2248 2256 post
2291 2170 2561 2256 Equites
2610 2170 2827 2236 doctae
2872 2178 3042 2236 sunt.

848 2395 955 2460 Vs.
1004 2388 1171 2460 229.
1619 2399 1716 2477 χώ
1759 2395 1896 2470 θεὸς
1943 2393 2332 2477 ξυλλήψεται.

936 2508 1212 2576 Videtur
1278 2509 1468 2575 fuisse
1533 2511 1849 2576 sententia
1915 2508 2170 2574 Graecis
2238 2509 2492 2597 usitata,
2565 2509 3093 2595 quemadmodum

849 2623 1020 2712 apud
1078 2630 1388 2689 nostrates
1449 2629 1651 2689 extat:
1712 2673 1753 2703 ,‚
1775 2623 1913 2689 God
1975 2623 2152 2710 helpt
2200 2623 2315 2688 wie
2363 2621 2503 2688 zich
2548 2623 2762 2688 zelven
2808 2621 3098 2710 helpen.''

850 2738 1117 2825 Scripsit
1162 2735 1496 2824 Euripides
1538 2736 1606 2802 in
1649 2738 1853 2824 priore
1898 2735 2265 2824 Hippolyto)
2310 2737 2385 2802 fr.
2431 2738 2563 2802 435

1295 2852 1377 2932 τῷ
1423 2851 1538 2932 γὰρ
1586 2855 1845 2916 πονοῦντι
1890 2849 1996 2915 καὶ
2040 2850 2178 2925 θεὸς
2224 2849 2669 2929 συλλαμβάνει,

736 3018 741 3023 .
851 2963 1203 3050 Aeschylus
1250 2961 1417 3029 Pers.
1470 2966 1597 3030 742

1127 3075 1271 3142 άλλ’
1315 3074 1456 3142 ὅταν
1501 3076 1722 3159 σπεύδῃ
1770 3100 1857 3150 τις
1905 3078 2103 3151 αὐτὸς,
2150 3079 2249 3157 χῶ
2289 3076 2426 3150 θεὸς
2471 3077 2836 3143 συνάπτεται

853 3198 918 3255 et
964 3188 1331 3269 Menander,
1376 3190 1572 3256 Mein.
1620 3189 1717 3255 IV
1760 3189 1881 3255 fab.
1931 3191 2055 3256 inc.
2103 3192 2185 3256 47

1356 3305 1554 3386 ,τόλμῃ
1609 3304 1808 3389 δικαίᾳ
1852 3303 1957 3370 καὶ
2000 3304 2138 3398 θεὸς
2175 3305 2616 3385 συλλαμβάνει.
2663 3344 2671 3351 ·

947 3416 1274 3483 Dindorfio
1333 3417 1670 3505 Euripides
1718 3418 2096 3504 Aeschylum
2147 3419 2438 3485 imitatus
2483 3443 2614 3485 esse
2656 3418 2926 3500 videtur,
2976 3419 3108 3486 Me-

853 3531 1093 3597 nander
1137 3532 1507 3619 Euripidem
1554 3533 1659 3598 sed
1708 3554 1848 3596 cum
1897 3533 2273 3597 sententiam
2320 3534 2660 3620 proferant,
2712 3554 2871 3618 quae
2916 3535 2984 3600 in
3021 3534 3107 3600 lo-

860 3667 1003 3711 cum
1066 3667 1457 3711 communem
1505 3644 1728 3737 abiisse
1774 3645 2048 3725 videtur,
2095 3644 2173 3711 de
2219 3646 2574 3714 imitatione
2621 3649 2894 3734 cogitare
2941 3647 3108 3715 nihil

859 3780 1019 3845 opus
1062 3765 1175 3824 est.

861 3984 970 4050 Vs.
1022 3977 1186 4049 249.
1758 3984 2049 4060 πολλάκις
2092 3986 2209 4068 γάρ
2252 3986 2390 4051 αὔτ’
2434 3988 2535 4069 ἐρῶ

1124 4096 1229 4162 καὶ
1276 4096 1392 4179 γὰρ
1440 4092 1602 4171 οὗτος
1646 4092 1714 4172 ἦν
1760 4104 2086 4181 πανοῦργος
2132 4100 2424 4173 πολλάκις
2469 4106 2578 4175 τῆς
2623 4098 2867 4181 ἡμέρας.

951 4211 1107 4277 Eur.
1163 4211 1353 4298 Hipp.
1406 4214 1533 4276 664
1578 4211 1849 4297 legitur:

1663 4329 1846 4403 μισῶν
1894 4325 1948 4390 δ’
1997 4324 2192 4392 οὔποτ’
2247 4325 2764 4406 ἔμπλησθήσομαι

1311 4445 1626 4519 γυναῖκας,
1673 4438 1789 4503 οὐδ’
1835 4436 1891 4503 εἴ
1929 4439 2088 4521 φησί
2127 4440 2217 4514 τίς
2262 4437 2434 4519 μ’άεὶ
2481 4438 2705 4519 λέγειν·

1313 4550 1411 4619 ἀεὶ
1456 4551 1570 4634 γὰρ
1617 4546 1711 4618 οὖν
1755 4552 1881 4626 τώς
1924 4553 2032 4618 εἶσι
2076 4554 2342 4620 κάκεῒναι
2386 4553 2589 4619 κακαί.
