3875 5634
780 723 860 785 10
1627 735 2102 781 ACHABNBNSES.

743 905 841 969 Vs.
884 896 1025 966 396
1053 926 1185 990 sqq.
1237 914 1306 970 K.
1359 906 1462 970 οὐκ
1509 902 1665 969 ἔνδον
1710 903 1865 970 ἔνδον
1911 902 2094 976 ἐστὶν,
2144 904 2190 968 εἱ
2233 903 2476 981 γνώμην
2520 901 2697 981 ἔχεις.

1225 1030 1299 1084 Δ.
1351 1025 1478 1092 πῶς
1524 1018 1697 1091 ἔνδον,
1747 1013 1851 1083 εἶτ’
1901 1020 2005 1083 οὐκ
2052 1017 2239 1092 ἔνδον;
2292 1026 2357 1081 Κ.
2409 1014 2607 1097 ὀρθῶς,
2656 1010 2697 1079 ὦ
2745 1014 2928 1095 γέρον.

1358 1134 1385 1198 ὁ
1432 1139 1567 1206 νοῦς
1617 1129 1729 1211 μὲν
1777 1128 1885 1206 ἔξω
1931 1128 2234 1209 ξυλλέγων
2277 1130 2536 1194 ἐπύλλια

1363 1249 1469 1313 οὐκ
1516 1245 1691 1321 ἔνδον,
1741 1248 1916 1318 αὐτὸς
1964 1245 2018 1311 δ’
2069 1244 2222 1310 ἔνδον
2267 1244 2586 1322 οὶναβοὲδην
2631 1250 2783 1309 ποιεῖ

1361 1362 1709 1444 τραγῳδίαν.

827 1474 935 1540 Vs.
1001 1479 1128 1540 396
1193 1475 1345 1542 Cob.
1408 1477 1511 1542 οὐκ
1572 1474 1730 1541 ἔνδον
1790 1474 1865 1539 ὢν
1911 1474 2018 1539 ἔστ
2061 1473 2250 1549 ἔνδον;
2300 1473 2497 1538 Mein.
2546 1471 2702 1539 ἔνδον
2745 1497 2813 1538 τε
2857 1476 3000 1539 κούκ

737 1588 858 1654 ἔστ’
907 1588 1063 1655 ἔνδον
1106 1589 1205 1656 vel
1253 1593 1354 1656 οὐκ
1402 1589 1559 1655 ἔνδον
1606 1589 1761 1655 ἔνδον
1804 1590 1861 1653 τ’
1908 1589 2082 1654 ἐστίν.

828 1702 1081 1790 Duplex
1143 1704 1312 1769 hisee
1375 1704 1540 1768 inest
1598 1703 1871 1789 parodia.
1934 1703 2031 1767 De
2093 1703 2288 1767 altera
2333 1703 2474 1768 vide
2521 1703 2597 1768 ad
2646 1703 2999 1789 proximum

737 1841 1005 1883 versum.
1057 1817 1263 1883 Schol.
1313 1818 1573 1882 σκώπτει
1618 1816 1801 1882 πάλιν
1845 1819 1944 1882 τὸν
1984 1818 2299 1897 Εὐριπίδην
2338 1817 2438 1881 διὰ
2472 1807 2537 1882 τὸ
2575 1818 2632 1881 ἐν
2656 1824 2781 1889 τοῖς
2805 1816 2999 1894 λόγοις

742 1927 882 1996 εἶναι
905 1933 1373 2009 συλλογιστικὸν,
1400 1928 1506 1995 καὶ
1530 1925 1595 1995 οὗ
1617 1930 1692 1995 ἄν
1715 1930 1866 2010 λέγη
1890 1932 1958 1996 τὸ
1983 1930 2235 1995 ἐναντίον
2251 1932 2431 1995 ποὶλιν
2448 1930 2997 2011 κατασκευάζοντα.

747 2044 1005 2110 Confert
1053 2044 1401 2109 Scholastia
1448 2044 1845 2109 notissimum
1888 2046 2302 2129 eumdemque
2342 2046 2809 2109 vexatissimum
2833 2043 3006 2131 Hyp-

744 2158 943 2244 polyti
994 2180 1234 2223 versum
1289 2161 1453 2220 612:
1504 2159 1537 2230 ἡ
1586 2158 1815 2236 γλῶσσ’
1860 2159 2140 2239 ὀμώμοκ’
2184 2158 2216 2231 ἦ
2257 2158 2318 2223 δὲ
2361 2158 2514 2239 φρὴν
2550 2159 2872 2236 ἀνώμοτος,
2900 2181 3004 2222 ne-

746 2294 868 2356 que
913 2271 1149 2336 infitior
1194 2272 1505 2356 tragicum
1546 2272 1793 2357 saepius
1832 2272 1920 2335 ita
1959 2271 2315 2336 distinxisse
2341 2279 2610 2336 mentem
2638 2270 2872 2357 abipso
2898 2271 3005 2335 bo-
3042 2252 3047 2258 ’

748 2387 931 2466 mine,
981 2409 1036 2449 v.
1088 2409 1140 2450 c.
1190 2384 1431 2451 Phoen.
1482 2387 1630 2467 360,
1689 2387 1878 2466 1418,
1930 2385 2068 2450 Ion.
2113 2388 2260 2465 251,
2301 2385 2593 2450 hocloco
2632 2394 2843 2451 tamen
2883 2386 3004 2451 huc

749 2522 873 2564 non
922 2500 1175 2586 respicit
1223 2502 1331 2564 Ar.
1380 2497 1658 2564 Exhibet
1706 2501 1871 2564 enim
1920 2500 2272 2586 exemplum
2312 2501 2704 2579 λεπτολογίας
2741 2522 2902 2584 quae
2942 2508 3007 2563 et

748 2613 898 2678 alibi
934 2621 1007 2699 ⁶et
1049 2614 1115 2678 in
1161 2613 1488 2699 Euripidis
1534 2612 1832 2677 dramatis
1875 2614 2185 2698 reperitur
2231 2619 2305 2677 ut
2363 2613 2554 2699 Hipp.
2606 2616 2799 2691 1034,
2846 2612 3002 2677 Hec.

755 2730 900 2807 566,
948 2725 1184 2791 Phoen.
1236 2728 1386 2805 357,
1437 2725 1575 2790 Ion.
1631 2729 1801 2790 1444
1840 2725 2100 2811 (Phoen.
2142 2734 2206 2790 et
2240 2726 2357 2791 Ion
2396 2735 2536 2812 post
2574 2707 3004 2792 Acharnenses

751 2842 816 2906 in
876 2863 1119 2906 scenam
1185 2839 1595 2927 prodierunt).
1645 2838 1907 2904 Minime
1955 2846 2165 2904 autem
2213 2839 2688 2926 improbandum
2735 2849 2832 2906 est
2876 2839 3005 2905 tale

752 2954 1050 3040 loquendi
1096 2977 1319 3039 genus,
1367 2977 1446 3018 ne
1495 2956 1561 3018 in
1608 2976 1673 3018 re
1721 2953 1893 3038 gravi
1944 2954 2217 3037 quidem,
2266 2955 2448 3018 cuius
2492 2956 2673 3019 testis
2721 2956 2805 3018 sit
2849 2953 3010 3018 Pau·

752 3069 873 3149 lus,
922 3069 1033 3152 qui
1082 3071 1119 3131 2
1168 3066 1309 3132 Cor.
1360 3066 1478 3145 VI,
1528 3071 1565 3131 9
1616 3067 1690 3139 ὦς
1737 3065 2111 3144 ἀγνοούμενοι
2156 3065 2260 3130 καὶ
2308 3068 2876 3146 ἐπιγιγνωσκόμενοι,
2929 3068 3005 3139 ὥς

751 3180 1224 3256 ἀποθνήσκοντες
1271 3180 1375 3246 καὶ
1425 3182 1544 3246 ἰδοὺ
1581 3180 1811 3261 ζῶμεν.
1832 3228 1847 3244 .
1868 3229 1883 3243 .
1905 3228 1919 3243 .
1964 3182 2039 3253 ὡς
2078 3181 2424 3258 λυπούμενοι
2462 3181 2554 3245 οὶεὶ
2587 3182 2650 3246 δὲ
2680 3182 3007 3262 χαίροντες,

753 3344 768 3358 .
797 3343 812 3359 .
842 3344 857 3360 .
887 3345 900 3359 .
967 3297 1043 3368 ὥς
1101 3295 1288 3373 μηδὲν
1347 3293 1590 3374 ἔχοντες
1652 3292 1757 3358 καὶ
1820 3292 2024 3357 ποίντα
2080 3294 2457 3373 κατέχοντες.
2508 3293 3010 3381 Reprehensione

755 3431 898 3473 vero
958 3409 1189 3493 dignus
1248 3416 1344 3474 est
1406 3408 1670 3494 scriptor
1730 3407 1842 3491 qui
1902 3407 2034 3471 sine
2092 3407 2312 3472 idonea
2374 3430 2578 3486 causa,
2634 3416 2890 3474 tantum
2935 3416 3011 3473 ut

750 3521 953 3588 verbis
1009 3522 1212 3601 ludat,
1276 3523 1364 3586 rei
1427 3521 1724 3607 gravitati
1772 3522 2116 3606 incongrua
2160 3521 2450 3606 proferat,
2498 3530 2573 3587 ut
2618 3546 2674 3587 v.
2725 3546 2778 3588 c.
2828 3523 3009 3588 Euri-

756 3637 930 3723 pides
988 3637 1054 3701 in
1119 3636 1359 3701 Alcest.
1420 3658 1508 3700 vs,
1558 3637 1683 3699 521
1733 3656 1889 3719 sqq„
1940 3634 2050 3699 ubi
2098 3632 2425 3714 Admetus,
2477 3657 2803 3721 oppressus
2850 3637 3012 3701 scili-

760 3757 858 3813 cet
927 3758 990 3812 et
1059 3749 1381 3814 confectus
1448 3732 1684 3825 dolore,
1751 3746 2073 3812 subtiliter
2141 3746 2388 3813 disserit
2463 3749 2540 3813 de
2611 3771 2805 3814 uxore
2867 3772 3011 3814 mox

758 3863 1060 3928 moritura
1121 3870 1187 3926 et
1244 3859 1510 3926 Herculi
1575 3860 1832 3946 exponit
1888 3859 2200 3944 quomodo
2246 3858 2401 3924 ἔστιν
2447 3885 2514 3925 τε
2558 3862 2786 3926 κούκέτ’
2836 3861 3009 3927 ἔστιν.

759 3977 925 4041 Sunt
991 3975 1142 4039 haec
1214 3974 1670 4056 παραπρίσματ’
1741 3975 1894 4038 ἐπῶν
1956 3994 2117 4057 quae
2174 3973 2331 4038 Rau.
2399 3977 2569 4038 1443
2632 3977 2863 4062 carpsit
2919 3998 3016 4040 co-

758 4091 976 4169 micus,
1039 4089 1251 4174 qualia
1317 4087 1571 4173 Agatho
1618 4108 1872 4172 quoque
1921 4087 2250 4169 adamavit,
2299 4088 2480 4152 cuius
2525 4089 2806 4170 πάρεργον
2852 4088 3015 4170 ἔργον

756 4212 980 4270 notum
1026 4212 1142 4269 est.

846 4317 1006 4382 Cum
1089 4315 1532 4403 Aristophanis
1612 4315 1750 4380 loco
1834 4315 2246 4381 conferendus
2326 4322 2422 4380 est
2486 4316 2663 4382 locus
2729 4315 3017 4384 Platonis

755 4431 973 4497 comici
1041 4452 1228 4515 quem
1299 4431 1566 4495 servavit
1637 4428 1845 4493 Schol.
1914 4427 2161 4493 Thesm.
2234 4431 2383 4507 808,
2433 4430 2531 4494 cui
2582 4430 2804 4496 similis
2850 4432 3016 4496 inest

758 4546 968 4611 lusus:
