3875 5634
1826 723 1974 767 mx.
2890 703 2971 767 73

773 898 883 966 Vs.
936 893 1076 965 140
1123 891 1268 986 sqq(
1303 901 1366 967 τί
1405 901 1458 966 δ’
1506 900 1573 976 ἣν
1608 905 1680 976 ’ἐς
1725 902 1892 984 ὑγρὸν
1939 903 2166 968 πόντιον
2210 901 2362 983 πέσῃ
2410 901 2627 980 βαθοςς

761 1036 764 1040 “
865 1014 1069 1080 Schol.
1116 1016 1250 1089 τοὺς
1295 1017 1601 1094 τραγικοὺς
1647 1014 1843 1098 παίζει
1890 1016 1989 1082 δια
2026 1015 2109 1081 τοὶ
2145 1015 2274 1098 περὶ
2310 1021 2413 1082 τοῦ
2451 1015 2679 1097 Ἰκάρου
2700 1015 3014 1094 λεγόμενα.

774 1128 809 1204 ἢ
872 1129 1003 1195 ἐπεὶ
1066 1130 1224 1196 δοκεῖ
1276 1130 1303 1194 ὅ
1363 1131 1827 1214 Βελλεροφόντης
1874 1132 1995 1197 κτὲ.
2045 1129 2143 1196 De
2186 1129 2364 1196 Icaro
2409 1129 2527 1195 hoe
2570 1130 2708 1194 loco
2752 1152 2880 1194 non
2925 1137 3020 1194 est

775 1244 1201 1329 cogitandum.
1254 1243 1482 1309 Utrum
1522 1243 1949 1310 Stheneboeae
1983 1267 2062 1309 an
2101 1243 2579 1331 Bellerophonti
2616 1242 3023 1309 tribuendum

777 1356 864 1421 sit
905 1379 1034 1422 non
1082 1357 1305 1443 liquet.
1354 1358 1580 1426 Nauck
1625 1359 1701 1424 fr.
1752 1360 1962 1446 adesp.
2010 1362 2118 1424 41.

867 1469 1008 1536 Vss.
1074 1473 1199 1536 147
1257 1480 1322 1538 et
1371 1475 1496 1537 148
1543 1481 1788 1559 poetam
1836 1474 2053 1539 drama
2098 1472 2642 1560 Bellerophontem
2691 1471 3027 1559 respexisse

779 1606 964 1650 nemo
1009 1608 1138 1652 non
1181 1585 1373 1652 videt.

779 1809 890 1875 Vs.
943 1804 1104 1874 154.
1251 1836 1258 1843 ·
1349 1812 1493 1876 ἀλλ’
1539 1812 1675 1895 ἄγε,
1724 1815 1996 1892 Πήγασε.
2042 1814 2221 1895 χώρει
2264 1812 2503 1894 χαίρων,

1355 1940 1662 2007 χρυσοχα)
1676 1926 1800 1991 Ινων
1848 1926 2125 2007 πάταγον
2171 1926 2406 2007 ψαλίων

1358 2039 1693 2115 διακινήσας
1737 2042 2008 2123 Φαιδροῒς
2057 2041 2208 2106 ὠσίν.

869 2152 1077 2218 Schol.
1139 2152 1243 2218 καὶ
1298 2154 1444 2219 τάδε
1487 2156 1553 2220 ἐκ
1597 2161 1699 2221 τοῦ
1745 2158 2209 2238 Βελλεροφόντου
2251 2206 2291 2230 ,.
2309 2154 2378 2221 ἴθι
2424 2155 2814 2238 χρυσοχάλιν’
2859 2153 3023 2236 αἴρων

781 2266 1124 2347 πτέρυγας”
1169 2266 1246 2331 fr.
1296 2268 1443 2331 309.
1489 2266 1582 2332 Cf.
1633 2267 1822 2355 Vesp.
1872 2270 2021 2335 757.

785 2492 889 2557 Vs.
941 2484 1107 2556 236.
1358 2493 1418 2557 ἰὼ
1464 2492 1677 2575 βροτοὶ,
1725 2469 1967 2576 βροτοὶ·
1992 2493 2189 2576 βροτοὶ
2235 2497 2695 2574 πολυτλήμονες.

867 2606 1068 2694 Epico
1114 2628 1284 2671 more
1328 2606 1610 2690 loquitur
1653 2606 1960 2674 Polemos.

783 2833 887 2899 vs.
939 2825 1106 2896 356.
1356 2829 1458 2906 ξὺν
1502 2819 1642 2913 δέρει
1686 2829 1790 2908 ξὺν
1833 2833 2072 2898 miae.
2122 2830 2216 2896 of.
2263 2831 2451 2918 vesp.
2497 2833 2689 2897 1081.

778 3058 889 3126 Vs.
939 3051 1083 3123 380
1131 3080 1263 3143 sqq.
1709 3057 1819 3122 ὑπὸ
1865 3062 1968 3123 τοῦ
2017 3058 2156 3131 Διὸς
2199 3057 2766 3137 ἀμαλδυνθήσομαι,

1358 3171 1405 3235 εἶ
1450 3169 1538 3249 μή
1582 3172 1865 3252 τετορήσω
1909 3175 2109 3235 ταῦτα
2153 3170 2258 3235 καὶ
2305 3170 2669 3249 λακήσομαι.

869 3285 946 3350 In
990 3284 1385 3370 parodiarum
1425 3305 1755 3348 numerum
1779 3283 2013 3369 recepit
2033 3280 2218 3347 Ribb.
2246 3282 2402 3348 Aah.
2431 3282 2600 3348 Anh.
2625 3306 2688 3370 p.
2716 3285 2864 3362 321,
2887 3290 3030 3369 post

778 3396 1196 3478 Taeuberum,
1267 3403 1487 3484 utpote
1552 3446 1593 3475 ,‚
1611 3405 1676 3461 et
1744 3397 2025 3461 numeris
2086 3403 2151 3461 et
2207 3396 2486 3461 oratione
2542 3397 2841 3482 tragiea”,
2901 3419 3029 3462 non

779 3513 1281 3579 animadvertens
1326 3518 1727 3598 anapaestum
1776 3511 1838 3575 in
1887 3509 2161 3575 secunda
2206 3509 2370 3575 sede.
2423 3509 2544 3575 Sed
2589 3534 2733 3575 vera
2777 3508 3030 3597 par-odia

781 3628 932 3693 huic
979 3628 1119 3692 loco
1162 3649 1288 3691 non
1332 3627 1513 3691 inest.
1562 3626 1938 3704 Mercurius,
1991 3627 2226 3711 quippe
2272 3623 2465 3704 Deus,
2514 3625 2857 3710 grandibus
2894 3647 3030 3712 par·

780 3744 896 3808 tim
956 3765 1031 3806 ex
1090 3742 1362 3807 Homero
1422 3740 1636 3825 petitis
1693 3740 1903 3804 utitur
1953 3738 2158 3804 verbis
2203 3739 2370 3804 sicut
2419 3763 2502 3803 vs,
2552 3740 2701 3804 376.
2753 3737 3028 3804 Verbum

780 3857 1065 3939 τετορήσω
1126 3855 1245 3920 hoc
1305 3854 1658 3939 significatu
1721 3875 1926 3938 neque
1989 3852 2158 3940 apud
2217 3852 2563 3919 Homerum
2609 3875 2813 3937 neque
2859 3852 3028 3939 apud

786 3971 1056 4055 tragicos
1100 3968 1443 4034 invenitur.

870 4084 1172 4149 Imitatur
1220 4082 1271 4146 Τ
1276 4105 1534 4168 rygaeus
1578 4080 1877 4148 Mercurii
1923 4105 2268 4147 sermonem
2314 4105 2404 4146 vs.
2461 4082 2588 4145 382
2637 4083 2724 4160 μή
2773 4105 2868 4145 νυν
2913 4096 3026 4145 λα-

782 4199 986 4280 κήσῃς,
1060 4197 1347 4275 λίσσομαί
1399 4198 1476 4271 σ’,
1541 4198 1670 4260 334,
1729 4198 2061 4271 λακήσεται
2108 4202 2173 4260 et
2225 4199 2353 4260 400
2405 4195 2639 4269 ἐλέησον
2683 4196 2877 4259 αὐτῶν
2921 4193 3030 4268 τὴν

780 4311 918 4376 ὄπα.
968 4310 1046 4375 ef.
1098 4309 1253 4374 Ach.
1301 4312 1451 4374 410.
1501 4308 1663 4374 Cum
1708 4333 1795 4374 vs.
1848 4313 2014 4374 386:

868 4423 923 4488 εἷ
960 4447 1018 4487 τι
1063 4422 1486 4505 κεχαρισμένον
1529 4423 1803 4505 χοιρίδιον
1850 4419 2013 4488 οἶσθα
2058 4424 2199 4504 παρ’
2245 4423 2392 4501 ἐμοῦ
2441 4446 2516 4500 γε
2561 4420 2980 4495 κατεδηδοκώς.

874 4534 968 4601 Cf.
1017 4535 1204 4601 Hom.
1252 4534 1333 4601 Π.
1379 4534 1416 4601 Ι
1465 4538 1569 4601 89.
