3875 5634
825 726 948 787 153
1793 744 2030 789 sanan.

780 960 815 988 „
840 933 983 974 voce
1043 918 1320 997 tempore
1381 911 1443 975 in
1506 910 1642 997 ipso
1707 909 2117 975 inseruisset?
2177 910 2279 975 Ita
2324 909 2599 998 profecto
2645 911 2868 997 ingens
2916 934 3043 976 om-

777 1027 1010 1105 „nium
1062 1028 1219 1090 risus
1265 1027 1330 1090 in
1379 1027 1579 1112 prima
1627 1027 1842 1091 statim
1891 1025 2110 1090 fabula
2157 1026 2470 1091 excitatus
2516 1027 2902 1112 tragoediam
2949 1033 3036 1092 to·

778 1150 961 1218 „tatu
1009 1139 1333 1205 obruisset.
1383 1140 1472 1204 At
1517 1140 1684 1205 enim
1734 1141 2054 1205 verissima
2095 1164 2225 1206 esse
2263 1163 2424 1225 quae
2463 1163 2650 1227 supra
2690 1140 2820 1205 dixi
2859 1164 2894 1206 6
2933 1141 3044 1206 tri-

779 1252 955 1331 „bus
1001 1254 1273 1340 prologis
1319 1262 1598 1341 apparet,
1647 1276 1921 1340 quorum
1971 1261 2238 1340 utraque
2278 1255 2576 1335 recensiO,
2618 1255 2817 1320 altera
2854 1255 3041 1321 maio·

778 1369 920 1447 „ris
967 1368 1306 1456 Euripidis,
1349 1370 1604 1435 minoris
1649 1369 1851 1435 altera
1898 1377 2167 1434 aetatem
2219 1368 2435 1434 tulit.''

866 1483 1034 1559 Trea,
1099 1492 1408 1567 quantum
1469 1485 1723 1564 scimus,
1787 1485 2256 1569 tragoediarum
2303 1484 2542 1571 prologi
2593 1470 2825 1549 mutati
2869 1491 3039 1565 sunt,

781 1597 1086 1677 Archelai,
1150 1596 1366 1662 Phrixi
1430 1605 1494 1663 et
1555 1596 1885 1683 Meleagri,
1951 1621 2110 1682 quos
2155 1599 2402 1679 ληκυθίῳ
2449 1598 2752 1664 instruxit
2801 1599 3040 1663 Aristo·

783 1711 1009 1797 phanes
1054 1736 1169 1777 vss.
1216 1716 1407 1793 1208,
1457 1715 1650 1791 1226,
1700 1715 1894 1778 1238.
1937 1711 2033 1777 De
2076 1712 2438 1799 Melanippo
2476 1711 2599 1776 vid.
2626 1713 2703 1778 ad
2729 1736 2817 1778 va.
2848 1715 3039 1776 1244.

867 1826 1260 1913 Respondeat
1306 1828 1447 1912 quis
1486 1828 1676 1892 etiam
1711 1827 1867 1892 alios
1906 1828 2195 1913 prologos
2222 1828 2428 1892 risisse
2454 1827 2777 1908 comicum,
2805 1848 3035 1912 eosque

781 1964 901 2005 non
952 1927 1221 2006 mutatos
1268 1965 1420 2020 esse,
1467 1940 1849 2027 Hypsipyles
1908 1944 2105 2019 1211,
2157 1939 2578 2006 Stheneboeae
2631 1943 2822 2018 1217,
2869 1940 3043 2027 Iphi-

780 2057 996 2141 geniae
1058 2055 1357 2121 Tauricae
1411 2058 1602 2136 1232,
1653 2055 2059 2142 Melanippae
2109 2053 2521 2141 Philosopbae
2588 2057 2775 2118 1244.
2842 2052 3033 2134 Quod

778 2177 986 2233 tamen
1035 2168 1328 2234 Fritschii
1374 2171 1796 2235 coniecturam
1845 2191 1974 2233 non
2022 2167 2348 2233 subvertit.
2400 2167 2592 2249 Quid,
2636 2168 2689 2233 si
2727 2168 2846 2233 hae
2886 2190 3036 2252 qua·

782 2291 924 2347 tuor
985 2282 1232 2347 fabulae
1295 2290 1434 2369 post
1493 2283 1701 2348 Ranas
1764 2305 1890 2347 non
1952 2282 2181 2347 iterum
2246 2304 2464 2346 scenae
2509 2282 2635 2346 sint
2680 2282 3040 2347 commissae

782 2405 893 2461 aut
937 2397 1152 2462 multis
1198 2397 1451 2462 demum
1497 2398 1677 2463 almis
1724 2397 1909 2484 post?
1959 2398 2062 2461 An
2102 2397 2220 2461 hoc
2257 2397 2554 2461 acciderit
2594 2396 2904 2461 nescimus
2928 2395 3038 2461 sed

782 2512 1034 2576 omnino
1081 2512 1236 2576 nihil
1286 2513 1625 2596 quominus
1673 2511 2073 2598 suspicemur
2118 2518 2309 2591 vetat,
2359 2518 2424 2573 et
2469 2533 2578 2596 per
2623 2533 2688 2575 se
2733 2510 3043 2596 intellegi·

782 2633 887 2691 tur
942 2626 1016 2689 iis
1075 2633 1321 2690 tantum
1385 2626 1617 2691 fabulis
1666 2625 1958 2691 secundis
2006 2626 2173 2690 curis
2222 2647 2380 2710 opus
2423 2624 2612 2689 fuisse
2658 2647 2817 2709 quae
2865 2624 3037 2690 brevi

781 2748 920 2826 post
965 2739 1169 2805 Ranas
1216 2740 1611 2819 docerentur,
1662 2763 1806 2805 cum
1855 2741 1921 2805 τὸ
1958 2738 2223 2814 ληκύθιον
2263 2738 2555 2803 omnibus
2590 2738 2794 2804 adhuc
2831 2739 3039 2804 animo

781 2854 1040 2919 infixum
1111 2862 1289 2919 esset.
1364 2854 1591 2939 Neque
1657 2854 1867 2919 obstat
1926 2854 2107 2920 novis
2168 2853 2291 2919 illis
2352 2854 2625 2940 prologis
2670 2855 2735 2919 τὸ
2783 2853 3046 2928 ληκύθιον

781 2990 978 3052 aeque
1037 2991 1106 3033 ac
1166 2968 1476 3055 prioribus
1537 2969 1802 3053 adiungi
1851 2991 2048 3054 posse.
2098 2966 2233 3032 Iam
2283 2967 2432 3032 satis
2479 2968 2639 3031 enim
2691 2966 2856 3032 salva
2904 2974 3039 3032 erat

781 3082 1098 3167 tragoedia
1165 3084 1214 3148 si
1272 3106 1411 3156 mon
1469 3085 1684 3149 statim
1751 3083 1828 3148 ab
1893 3085 2076 3148 initio
2139 3083 2207 3147 hi
2254 3104 2468 3147 versus
2515 3082 2887 3147 audirentur
2933 3081 3045 3166 qui

779 3197 1217 3282 Aristophanis
1265 3199 1397 3263 ioco
1444 3199 1698 3264 ridiculi
1746 3199 1896 3263 facti
1949 3206 2177 3262 essent.

873 3309 1112 3376 Deinde
1171 3313 1601 3397 quaerendum
1659 3320 1755 3377 est
1819 3310 1973 3396 quid
2028 3311 2144 3375 hoc
2190 3310 2325 3374 ioco
2371 3309 2439 3373 in
2496 3308 2799 3395 Euripide
2846 3330 3048 3394 repre-

784 3425 1068 3491 henderit
1136 3427 1611 3513 Aristophanes.
1682 3426 1995 3512 Exposuit
2066 3424 2197 3511 ipse·
2266 3447 2383 3487 vss.
2458 3426 2625 3487 1201
2699 3445 2833 3507 sqq.
2900 3420 3044 3486 ubi:

783 3548 964 3613 ποιεῖς
1008 3541 1121 3622 γὰρ
1164 3539 1343 3613 οὕτως
1392 3540 1530 3605 ὥστ’
1579 3542 1953 3620 ἐνκρμόττειν
1999 3537 2166 3604 οἷοι-,κν
2206 3535 2217 3628 Ι
2258 3536 2361 3602 xx)
2404 3535 2671 3618 κωδάριον
2714 3536 2822 3601 καὶ
2863 3535 3045 3611 ληκύ-

783 3656 891 3719 θιον
935 3654 1038 3719 xxi
1087 3655 1353 3720 θυλάκιον
1393 3652 1404 3745 Ι
1445 3657 1503 3721 ἐν
1548 3662 1693 3719 τοῖσι
1745 3655 2091 3731 ἶκμβείοισι.

872 3767 995 3833 Sed
1039 3792 1163 3834 non
1207 3770 1359 3834 satis
1405 3770 1756 3855 perspicue.
1808 3768 2099 3832 Fuerunt
2153 3764 2384 3851 quibus
2433 3764 2884 3850 Aristophanes
2929 3785 3047 3829 nu-

786 3904 984 3947 meros
1026 3883 1348 3970 Euripidis
1388 3882 1769 3969 improbasse
1811 3882 2155 3946 videretur.
2198 3879 2449 3960 Quibus
2473 3880 2752 3944 assentiri
2780 3901 3044 3963 nequeo.

693 4015 722 4037 ’·
748 3996 1205 4067 (031161133111111
1253 3999 1417 4062 6111111
1468 4006 1561 4062 est
1608 4020 1866 4062 caesura
1911 3994 2463 4082 penthemimeres,
2500 4016 2701 4078 neque
2735 3991 3052 4058 nesciebat

787 4111 1232 4198 Aristophanes
1280 4111 1492 4176 eodem
1535 4111 1724 4197 plane
1771 4118 1971 4175 metro
2011 4109 2299 4194 prologos
2340 4106 2630 4191 Aeschyli
2673 4106 3051 4192 conscriptos

787 4247 915 4290 esse
962 4225 1135 4291 velut
1179 4224 1403 4291 Prom:

1229 4339 1436 4420 χθονὸς
1484 4340 1595 4417 μὲν
1641 4340 1702 4411 ἐς
1746 4337 2019 4419 τηλουρὸν
2065 4334 2282 4414 ἥκομεν
2325 4334 2497 4400 πέδον

1230 4452 1460 4527 Σκύθην
1504 4454 1565 4525 ἐς
1611 4446 1794 4532 οἶμον,

879 4566 1049 4655 Sept.
1096 4568 1233 4632 adv.
1283 4566 1501 4634 Theb:
