3875 5634
1547 730 2028 775 mesuopnoara
2036 730 2251 776 zcsAa.
2856 715 2880 775 l
2895 715 2930 774 2
2941 718 2974 773 9

771 897 1091 964 dochmios
1152 896 1501 981 scripsisse:
1563 895 1658 961 ὅδε
1716 897 1829 976 γὰρ
1869 898 1894 961 5
1934 896 2162 971 Σκύθκς
2203 897 2397 963 παλαι
2437 922 2535 973 μοι
2578 896 2791 978 φύλαξ
2831 898 2840 988 Ι
2880 902 3018 981 ἔφε-

775 1016 930 1084 στὼς
976 1014 1153 1084 ὀλοὸν,
1201 1009 1416 1091 ἄφιλον
1462 1011 1777 1091 ἐκρέμασεν
1821 1011 1828 1095 Ι
1868 1008 2094 1092 κόραξιν
2143 1014 2387 1077 δεῖπνον.

780 1227 885 1292 Vs.
944 1218 1443 1290 1029-1041.
1492 1226 1623 1308 ὁρᾷς
1670 1224 1803 1303 ἔμ’;
1851 1227 1912 1289 οὐ
1962 1234 2210 1307 χοροῖσιν
2256 1226 2377 1291 xri.

867 1343 1066 1421 „Hoc
1124 1340 1437 1405 canticum
1497 1339 1826 1403 maximam
1888 1348 2131 1425 partem
2199 1361 2273 1403 ex
2339 1338 2665 1426 Euripidis
2712 1344 3030 1427 tragoedia

780 1476 1137 1542 expressum
1189 1451 1496 1518 videtur.’'
1534 1451 1780 1516 Nauck.
1834 1452 2039 1517 Schol.
2096 1455 2294 1517 1030:
2345 1455 2528 1519 πάλιν
2574 1452 2640 1531 ἐξ
2686 1456 2879 1536 Ἀνδρ.
2929 1456 3024 1521 Ex

781 1571 899 1635 hoc
946 1570 1223 1634 dramate
1268 1574 1600 1631 manarunt
1646 1590 1759 1631 vsa.
1814 1569 2275 1645 1029—1031,
2326 1569 2389 1631 in
2433 1568 2662 1652 quibus
2708 1593 2906 1653 genus
2952 1571 3034 1635 fe-

781 1684 1094 1748 mininum
1155 1680 1380 1761 ἔχσυσα
1427 1689 1738 1744 servatum
1790 1689 1902 1745 est.
1954 1680 2160 1745 Verba
2206 1704 2458 1766 quoque
2505 1682 2666 1756 κήτει
2706 1683 2894 1764 βορὰ.
2922 1733 2936 1748 .
2966 1734 2981 1749 .
3009 1734 3024 1749 .

782 1805 1098 1879 προκεῒμαι
1165 1794 1488 1881 Euripidis
1554 1818 1682 1859 esse
1752 1794 2071 1882 probabile
2144 1795 2216 1859 fit
2275 1819 2351 1860 ex
2409 1795 2651 1861 adiecto
2701 1798 3025 1881 Γλαυκέτῃ.

781 1914 956 1978 Haec
1014 1911 1179 1976 enim
1239 1918 1331 1974 est
1377 1908 1601 1974 talium
1646 1909 1921 1974 locorum
1968 1910 2190 1975 facetia
2239 1918 2312 1974 ut
2363 1933 2560 1975 unuin
2606 1917 2858 1977 tantum
2894 1936 3021 1977 ver·

784 2026 934 2091 bum
1005 2026 1069 2091 in
1137 2025 1373 2110 tragico
1444 2046 1623 2090 versu
1692 2031 1995 2102 mutetur,
2062 2025 2227 2089 sicut
2292 2048 2349 2090 v.
2406 2048 2458 2090 c.
2511 2025 2666 2091 Ran.
2718 2030 2865 2105 840,
2915 2027 3025 2093 ubi

781 2140 1087 2222 ἀρουραίας
1134 2162 1246 2226 pro
1294 2139 1642 2211 θαλασσίας.

877 2255 1520 2321 Animadvertendum
1592 2261 1683 2318 est
1741 2261 2059 2340 praeterea
2118 2254 2339 2320 iisdem
2402 2253 2605 2319 verbis
2666 2256 2762 2320 uti
2812 2256 3025 2343 Apoll.

786 2370 855 2435 II
906 2373 969 2451 4,
1021 2371 1161 2433 3.3:
1210 2368 1311 2434 ἐὰν
1345 2417 1359 2431 .
1389 2417 1403 2431 .
1433 2417 1447 2431 .
1477 2416 1491 2431 .
1532 2371 1768 2449 προτεθῇ
1815 2370 1896 2449 τῷ
1939 2369 2101 2443 κήτει
2151 2369 2317 2450 βορά,
2368 2367 2438 2434 ΙΙ
2486 2375 2548 2450 4,
2600 2372 2737 2434 352:
2784 2371 3019 2453 Ἀνδρο-

785 2484 977 2562 μέδαν
1028 2483 1457 2563 παρακειμένην
1504 2482 1801 2567 (Hercher
1846 2484 2240 2566 προκειμένην)
2289 2483 2469 2565 βορὰν
2517 2486 2816 2566 θαλασσίῳ
2848 2487 3027 2560 κήτει,

785 2597 1107 2663 Eratosth.
1156 2597 1391 2663 Catast.
1440 2619 1491 2660 c.
1543 2599 1657 2661 15:
1705 2596 1811 2669 τὴν
1858 2595 1910 2661 δ’
1966 2599 2153 2663 αὐτοῦ
2203 2597 2497 2679 θυγατέρα
2544 2598 2706 2663 δοκεῖ
2745 2601 3024 2680 παραθεῖ-

787 2735 877 2776 ναι
940 2712 1022 2792 τῷ
1068 2712 1229 2785 κήτει
1277 2708 1441 2791 βορά,
1492 2732 1543 2774 0.
1595 2709 1709 2775 17:
1758 2711 1833 2783 ὥς
1879 2709 1983 2774 καὶ
2032 2710 2301 2792 προετέθη
2350 2713 2432 2791 τῷ
2476 2711 2657 2785 κήτει.
2706 2709 3025 2777 Videntur

784 2826 937 2891 haec
984 2850 1018 2891 e
1065 2826 1379 2890 communi
1424 2824 1597 2890 fonte
1642 2823 1919 2890 derivata
1965 2847 2115 2903 esse,
2166 2833 2230 2890 et
2274 2848 2418 2890 cum
2468 2824 2913 2891 Eratosthenes
2957 2827 3023 2892 in

784 2951 1056 3026 utroque
1102 2942 1304 3027 capite
1350 2941 1426 3005 ad
1474 2940 1794 3026 Euripidis
1838 2941 2223 3026 tragoediam
2270 2948 2569 3027 provocet
2613 2944 2686 3025 (c.
2742 2944 2820 3005 15
2868 2963 3034 3028 prae-

785 3058 1019 3122 mittit:
1072 3052 1137 3131 ἧν
1185 3057 1246 3122 δὲ
1292 3055 1610 3142 (Κηφεὺς)
1656 3058 1730 3128 ὥς
1767 3056 2086 3136 Εὐριπίδης
2125 3056 2336 3137 Φησὶν,
2387 3057 2671 3121 Αἰθιόπων
2717 3056 3022 3135 βασιλεὺς,

786 3171 1185 3252 Ἀνδρομέδας
1233 3171 1295 3235 δὲ
1341 3171 1585 3250 πατήρ-ς
1635 3193 1686 3233 0.
1734 3172 1807 3236 17
1849 3169 2214 3255 subiungit:
2250 3170 2499 3249 λέγειδὲ
2524 3170 2628 3235 καὶ
2654 3172 2786 3251 Εὖρ.
2816 3175 3029 3250 σαφῶς

782 3286 840 3351 ἐν
883 3286 966 3365 τῷ
1005 3282 1134 3365 περὶ
1182 3285 1369 3355 αὐτῆς
1406 3282 1805 3363 γεγραμμένῳ
1843 3282 2167 3370 δράματι.)
2212 3285 2499 3349 firmatur
2536 3286 2805 3370 suspicio
2844 3283 3029 3349 verba

786 3402 949 3473 κήτει
1018 3397 1167 3479 βορὰ
1232 3421 1389 3477 προκ.
1457 3420 1532 3461 ex
1589 3397 1912 3483 Euripidis
1974 3397 2377 3463 Andromeda
2433 3406 2572 3464 orta
2633 3423 2780 3463 esse.
2831 3398 3036 3465 Verba

785 3512 977 3576 schol.
1027 3513 1145 3575 Av.
1196 3513 1322 3574 343
1369 3511 1577 3591 allata,
1625 3513 1868 3576 ἐκθεῖναι
1915 3510 2086 3585 κήτεϊ
2118 3511 2374 3593 Φορβαν,
2417 3511 2604 3576 aliam
2629 3513 2691 3575 iu
2722 3510 3034 3595 tragoedia

788 3625 995 3689 sedem
1043 3622 1422 3689 habuerunt.

878 3737 1000 3802 Ad.
1054 3740 1224 3802 10:34
1272 3737 1471 3802 Schol.
1518 3745 1809 3803 annotat:
1856 3736 1961 3803 καὶ
2008 3743 2176 3803 τοῦτο
2224 3736 2292 3814 ἐξ
2336 3740 2531 3820 Ἀνδρ.

876 3852 932 3917 E
992 3854 1258 3938 repetita
1318 3851 1397 3916 ad
1457 3874 1543 3916 vs,
1612 3855 1779 3916 1040
1831 3852 2200 3918 scholiastae
2238 3854 2640 3918 annotatione
2687 3854 2791 3919 καὶ
2838 3860 3035 3921 ταῦτα

786 3964 853 4042 ἐξ
913 3967 1110 4048 Ἀνδρ.
1179 3966 1375 4031 efficio
1438 3966 1623 4031 verba
1681 3970 1861 4048 φῶτα
1903 4004 1994 4016 -
2039 3968 2388 4049 Φλέγων-αν
2434 3970 2502 4033 in
2544 3970 2865 4054 tragoedia
2910 3993 3033 4035 non

788 4101 928 4144 cum
977 4080 1490 4166 praecedentibus
1536 4104 1809 4146 connexa
1852 4082 2043 4146 fuisse
2089 4082 2197 4147 sed
2243 4105 2473 4147 novum
2525 4106 2657 4148 esse
2708 4083 3030 4149 monodiae

787 4193 1230 4278 fragmentum.
1280 4194 1598 4258 Orationis
1643 4217 1839 4261 nexus
1883 4218 2010 4260 11011
2056 4196 2238 4260 anxie
2277 4194 2675 4280 quaerendus
2714 4204 2827 4276 est,
2868 4219 3029 4274 uam,

787 4316 864 4373 ut
907 4308 1114 4374 Schol.
1167 4311 1336 4373 1018
1383 4310 1647 4391 monuit,
1695 4310 1792 4376 διὰ
1835 4312 1900 4376 τὸ
1945 4310 2286 4389 λαμβάνειν
2330 4311 2801 4390 ἀποσπάσμκτα
2848 4308 3030 4375 ἄσύν·

787 4424 950 4489 δετον
1007 4425 1074 4489 τὸ
1133 4423 1261 4490 ὅλον
1305 4425 1546 4504 γίνεται.
1595 4425 1755 4508 Quis
1797 4426 1966 4490 euim
2013 4448 2248 4491 nexum
2292 4424 2604 4490 desideret
2648 4425 2836 4490 simili
2882 4424 3017 4489 loco

790 4536 978 4625 Vesp.
1031 4540 1157 4604 756
1195 4539 1333 4623 sq.?
1366 4538 1529 4605 Satis
1567 4548 1681 4620 est,
1721 4541 1960 4626 opinor,
1999 4540 2051 4605 si
2075 4539 2355 4624 aliquam
2379 4539 2754 4605 senteutiam
2779 4539 3023 4604 etiamsi

2754 4652 2779 4691 a
