3875 5634
1750 805 2224 853 Aemmnsss.
2980 789 3063 853 25

959 976 1109 1040 887.
1160 1021 1355 1038 .....
1403 973 1614 1051 δμωες,
1661 972 1831 1058 quod
1873 973 1944 1039 in
1992 976 2101 1039 Ar.
2148 995 2275 1039 non
2319 973 2444 1039 nisi
2491 974 2867 1039 Ach.1174
2904 996 3113 1040 occur-

783 1174 793 1184 ·
839 1087 975 1164 vrit,
1023 1087 1091 1152 in
1135 1086 1621 1173 paratragoedis.
2882 1100 2888 1113 '

960 1203 1111 1267 891.
1158 1200 1497 1284 προσείπατ’
1543 1202 1752 1277 αὐτην,
1799 1197 1842 1266 ὦ
1886 1201 2069 1268 τέκν.

964 1314 1310 1401 Loquendi
1343 1337 1542 1401 genus
1577 1317 1904 1402 tragicum,
1942 1338 2070 1381 non
2107 1315 2382 1401 aliquem
2420 1325 2580 1402 trag.
2605 1316 2810 1382 locum
2833 1317 3115 1383 imitatus

866 1455 996 1497 esse
1060 1430 1341 1511 videtum
1402 1453 1490 1496 vs.
1556 1433 1683 1497 893
1745 1430 1949 1497 verbis
2005 1430 2162 1496 Eur.
2228 1431 2391 1497 Alc.
2435 1433 2560 1497 367
2613 1431 2837 1510 utitur,
2885 1430 3115 1516 quibus

869 1543 1179 1610 Admetus
1224 1543 1582 1610 fidissimam
1628 1566 1880 1611 uxorem
1925 1544 2308 1631 alloquitur:

988 1684 993 1689 ⁴
1841 1659 1997 1738 μηδὲ
2042 1658 2159 1741 γαρ
2200 1658 2402 1726 θανών
2446 1683 2591 1726 ποτε

1313 1776 1418 1837 σοῦ
1463 1769 1648 1853 χωρὶς
1691 1769 1809 1846 εἵην
1854 1779 1963 1847 τῆς
2010 1771 2193 1855 μόνης
2238 1781 2455 1849 πιστῆς
2496 1773 2646 1853 ἐμοί.

867 1883 1151 1971 pulchris
1228 1884 1504 1971 profecto
1578 1884 1687 1950 sed
1760 1885 1828 1951 in
1902 1885 2045 1952 Alc.
2121 1886 2373 1973 ineptis,
2435 1887 2670 1973 quippe
2725 1885 3017 1973 profectis
3076 1909 3112 1950 a

868 1997 1002 2063 viro
1060 1997 1173 2082 qui
1219 1996 1492 2084 prudens
1536 1997 1877 2084 volensque
1924 2021 2184 2065 uxorem
2228 2000 2418 2066 morti
2462 1998 2656 2065 obicit
2701 2004 2777 2064 ut
2818 1997 2937 2064 sibi
2981 2020 3115 2085 par·

873 2118 1073 2176 estur.
1147 2112 1239 2176 At
1307 2112 1418 2176 Ar.
1480 2134 1605 2177 non
1663 2120 1739 2177 ut
1800 2111 2218 2199 reprehendat
2275 2113 2525 2195 παρῳδεῖ
2585 2112 2691 2178 sed
2754 2121 2831 2177 ut
2875 2112 3114 2178 animos

867 2224 1230 2291 auditorum
1278 2225 1562 2291 delectet.

870 2450 981 2519 Vs.
1032 2445 1195 2517 965.
1246 2453 1273 2517 ὁ
1321 2452 1512 2526 δεινὸς,
1562 2452 1590 2516 0‘
1635 2451 1994 2534 ταλαύρινος,
2041 2451 2101 2523 ὃς
2148 2451 2255 2525 τὴν
2302 2453 2556 2533 Γοργόνα

1239 2564 1477 2638 πάλλει,
1521 2565 1840 2646 κραδαίνων
1885 2572 2039 2647 τρεῖς
2086 2565 2445 2639 κατασκίους
2492 2565 2731 2647 λόφους.

959 2679 1168 2746 Verba
1229 2704 1312 2761 τρ.
1364 2703 1498 2744 κατ.
1548 2678 1672 2762 λόφ
1721 2680 1906 2746 etiam
1957 2679 2181 2745 Aesch.
2230 2678 2401 2766 Sept.
2455 2681 2585 2744 384
2632 2678 2953 2765 leguntur,
3002 2679 3112 2745 ubi

867 2794 1123 2881 Tydeus
1183 2793 1415 2858 dicitur
1474 2800 1628 2874 τρεῖς
1691 2794 2046 2867 κατασκίους
2092 2793 2314 2876 λόφους
2356 2793 2544 2868 σείειν,
2592 2814 2859 2877 quorum
2903 2793 3113 2858 memi-

866 2910 1032 2974 nisse
1078 2908 1328 2974 videtur
1372 2909 1506 2987 Ar„
1554 2907 1666 2973 hos
1709 2930 1921 2973 versus
1967 2933 2001 2972 e
2044 2908 2299 2994 tragicis
2343 2885 2408 2972 ct
2452 2908 2642 2994 epicis
2685 2906 3112 2972 locutionibus

869 3043 1194 3087 consuens.
1253 3019 1542 3087 Ceterum
1589 3029 1741 3103 τρεῖς
1785 3022 2006 3105 λόφους
2052 3020 2212 3103 ἔχειν
2258 3023 2323 3088 in
2370 3022 2767 3109 proverbium
2817 3021 2991 3103 abiit,
3039 3030 3114 3088 ut

869 3143 1130 3224 apparet
1179 3135 1564 3219 Pac.1173‚
1614 3137 1732 3201 Av.
1782 3139 1886 3201 94.

868 3349 978 3416 Vs.
1032 3341 1218 3416 1071
1285 3371 1416 3435 sqq.
1464 3347 1905 3435 Dicaeopolide
1967 3347 2183 3436 epulas
2237 3356 2498 3436 parante
2563 3349 2835 3415 accurrit
2891 3372 3111 3489 praeco

869 3464 1253 3530 exclamans.

1342 3578 1403 3643 ίῶ
1448 3577 1604 3643 πόνοι
1651 3602 1718 3642 τε
1764 3576 1869 3642 καὶ
1915 3576 2127 3658 μάχαι
2173 3601 2278 3642 και
2322 3576 2645 3658 Λάμαχοι,

868 3690 1100 3778 quibus
1145 3691 1475 3778 respondet
1516 3689 1891 3757 Lamachus:
2323 3681 2331 3685 ⁸

1290 3806 1379 3879 τίς
1421 3804 1598 3888 αμφὶ
1642 3804 2101 3887 χαλκοφάλαρα
2146 3806 2406 3884 δώματα
2453 3813 2701 3882 mnf:

866 3921 1080 4009 gravia
1137 3919 1343 4001 verba,
1403 3918 1655 4005 quibus
1694 3920 2059 4006 gravitatem
2119 3925 2184 3984 et
2243 3919 2771 4004 magnificentiam
2814 3918 3110 3984 Lamachi

866 4033 1142 4100 ludibrio
1184 4032 1375 4099 habet
1419 4040 1621 4119 poeta.
1668 4032 1768 4098 Ad
1813 4056 1901 4098 vs.
1954 4034 2125 4097 1072
2175 4031 2487 4098 Mueller:
2535 4082 2576 4112 ‚‚
2593 4034 2727 4097 sine
2763 4031 2956 4098 dubio
2993 4039 3113 4097 tra-

865 4148 991 4234 gici
1041 4148 1386 4226 cuiusdam,
1430 4148 1686 4211 fortasse
1730 4146 2116 4233 Euripidis.”
2164 4145 2345 4212 Idem
2393 4145 2847 4212 observandum
2894 4154 2988 4211 est
3033 4147 3110 4211 dc

865 4285 954 4327 vs.
1006 4263 1218 4340 1078;

1157 4372 1172 4385 '
1398 4375 1459 4439 ίῶ
1504 4373 1824 4455 στρατηγοὶ
1869 4374 2128 4447 πλείονες
2174 4373 2208 4448 ἢ
2260 4373 2575 4453 βελτίονες,

865 4510 1053 4574 quem
1121 4486 1384 4573 Bentley
1436 4486 1583 4573 (vid.
1647 4486 1831 4552 Ribb.
1895 4511 1951 4552 a.
2014 4487 2077 4551 h.
2136 4486 2205 4572 l.)
2252 4511 2286 4553 e
2333 4486 2610 4573 Telepho
2657 4494 2936 4551 sumtum
2982 4511 3110 4553 esse

865 4602 1220 4688 suspicatur
1267 4600 1502 4673 πλέονες
1544 4601 1757 4686 legens
1774 4629 1793 4680 ς
1841 4609 1907 4666 et
1952 4601 2030 4667 de
2074 4625 2161 4666 vs.
2216 4604 2423 4667 1124:
