3875 5634
1796 695 2052 741 vasum.
2913 678 2990 743 57

798 866 1053 932 risimile
1118 872 1214 930 est
1276 863 1354 930 ab
1400 865 1535 952 ipso
1581 864 1904 952 Euripidis
1950 862 2270 930 laudatore
2319 864 2468 930 haec
2513 864 2755 951 prolata
2802 887 2931 930 esse
2978 873 3044 930 et

796 979 1114 1066 parodiam
1176 977 1494 1043 continere
1552 1000 1845 1044 versuum
1906 976 2406 1064 Euripideorum.
2460 981 2754 1043 Attamen
2803 978 2880 1044 de
2923 979 3044 1065 pis·

798 1092 974 1158 cibus
1041 1092 1232 1157 coctis
1289 1091 1390 1157 vel
1449 1093 1602 1158 assis
1659 1092 1933 1178 tragicus
1995 1099 2160 1157 certo
2216 1114 2342 1156 non
2388 1093 2536 1177 egit,
2584 1093 2713 1171 sed,
2761 1100 2837 1157 ut
2883 1092 3039 1157 mihi

796 1204 1067 1286 videtur,
1130 1206 1494 1290 loquentem
1559 1205 1710 1270 fecit
1757 1205 2069 1270 hominem
2122 1214 2384 1270 mortem
2429 1206 2592 1271 vitae
2639 1228 3041 1271 aerumnosae

796 1320 1243 1386 anteferentem
1305 1328 1371 1385 et
1427 1326 1565 1410 aut·
1590 1320 1803 1400 ἀγρίας
1848 1318 2055 1398 ἅλμης
2101 1319 2324 1397 νάματι
2369 1342 2433 1384 se
2479 1319 2723 1385 tradere
2769 1327 2882 1385 aut
2926 1319 3044 1385 ful-

799 1434 983 1500 minis
1027 1434 1162 1515 πυρὶ
1213 1435 1604 1517 παμφλέκτῳ
1649 1458 1715 1499 se
1752 1436 1999 1522 percuti
2039 1436 2413 1521 cupientem.
2458 1435 2757 1516 Similem,
2785 1438 3042 1501 fortasse

797 1551 1065 1617 eundem
1110 1558 1302 1636 atque
1350 1552 1461 1615 Ar.
1511 1550 1719 1615 locum
1763 1550 2054 1616 imitatus
2100 1558 2190 1615 est
2236 1551 2594 1616 Axionicus.

884 1665 1208 1730 Eiusmodi
1276 1664 1593 1750 parodiam
1662 1665 1863 1751 poetis
1932 1664 2217 1751 inprimis
2275 1664 2512 1729 mediae
2572 1671 2637 1729 et
2696 1686 2893 1729 novae
2948 1686 3045 1729 co-

798 1780 1077 1846 moediae
1122 1779 1523 1845 vehementer
1569 1780 1876 1866 placuisse
1920 1787 2177 1866 apparet
2200 1804 2233 1844 e
2258 1779 2586 1866 permultis
2609 1779 2762 1844 locis
2786 1776 2895 1843 ubi
2918 1785 3041 1843 tra·

794 1894 948 1980 gicis
1009 1892 1212 1959 verbis
1271 1901 1544 1960 utuntur
1605 1894 1671 1959 in
1728 1893 1881 1959 cibis
1940 1892 2376 1960 describendis.
2446 1892 2540 1957 Cf.
2588 1915 2749 1978 quae
2798 1892 3044 1979 scripsit

796 2010 1184 2092 Antiphanes,
1257 2007 1452 2072 Mein.
1528 2006 1638 2072 ΠΙ
1699 2030 1758 2094 p.
1825 2010 1886 2086 3,
1953 2012 2056 2086 55,
2121 2010 2282 2086 1253
2342 2008 2800 2072 Anaaeandrides
2844 2004 2928 2071 ib.
2977 2028 3038 2092 p.

802 2124 961 2201 1743
1011 2123 1282 2187 Eubulus
1328 2121 1411 2186 ib.
1461 2145 1522 2207 p.
1578 2123 1728 2201 236,
1780 2126 1944 2201 2423
1993 2124 2339 2187 Xenarchus
2384 2119 2466 2185 ib.
2516 2144 2576 2207 p.
2630 2123 2794 2198 614;
2841 2121 3041 2184 Phile-

794 2260 920 2301 mon
987 2233 1068 2301 ib.
1133 2234 1231 2300 IV
1292 2259 1352 2322 p.
1420 2239 1544 2316 26;
1610 2238 1899 2320 Epinicus
1959 2236 2042 2300 ib.
2090 2259 2149 2323 p.
2192 2239 2361 2316 5053
2410 2237 2800 2302 Nausicrates
2844 2234 2930 2301 ib.
2979 2258 3039 2322 p.

799 2353 944 2415 575.
995 2349 1196 2415 Paulo
1241 2351 1424 2416 aliter
1466 2375 1529 2415 se
1577 2350 1763 2416 habet
1810 2351 2064 2438 parodia
2107 2352 2484 2416 Atheniconis
2530 2348 2610 2414 ib.
2663 2348 2760 2413 IV
2807 2373 2867 2437 p.
2914 2353 3035 2415 557
3152 2388 3160 2399 ι

795 2486 926 2549 sqq.
1000 2463 1384 2530 Notissimus
1452 2472 1546 2529 est
1610 2465 1784 2530 locus
1845 2464 2194 2550 Aeschylus
2255 2464 2459 2529 Prom.
2510 2466 2884 2541 437—506,
2931 2462 3040 2528 ubi

795 2577 1101 2661 gloriatur
1149 2577 1562 2643 Prometheus
1608 2602 1672 2669 se
1718 2578 2008 2643 homines
2054 2579 2342 2644 scientias
2387 2587 2674 2664 artesque
2720 2579 3040 2657 docuisse;

793 2693 975 2756 cuius
1018 2694 1280 2778 vestigia
1325 2692 1582 2779 ingressi
1631 2701 1782 2758 sunt
1828 2692 2161 2780 Euripides
2198 2695 2262 2758 in
2304 2692 2633 2759 Palamede
2667 2694 2742 2758 fr.
2775 2696 2921 2774 582,
2960 2693 3039 2758 cf.

793 2805 866 2870 fr.
931 2805 1139 2893 adesp.
1202 2806 1285 2872 N.
1353 2809 1479 2871 393
1498 2835 1516 2886 ς
1584 2807 1811 2872 Critias
1872 2808 1939 2872 in
2000 2806 2277 2894 Sisypho,
2322 2806 2406 2871 N.
2455 2808 2528 2873 fr.
2578 2807 2734 2873 Crit.
2789 2811 2860 2886 1;
2909 2807 3042 2872 Mo-

793 2919 1024 2999 schion,
1074 2919 1160 2984 N.
1212 2921 1285 2986 fr.
1336 2920 1577 2986 Mosch.
1633 2924 1689 2985 7.
1740 2920 1980 2986 Similia
2015 2929 2225 2986 autem
2264 2921 2565 3005 leguntur
2602 2923 2667 2986 in
2691 2921 3040 3006 fragmento

793 3033 1201 3099 Atheniconis
1268 3035 1312 3100 l.
1375 3035 1442 3114 l.,
1505 3037 1615 3120 qui
1678 3058 1803 3100 non
1868 3034 2238 3100 Prometheo
2283 3057 2486 3120 neque
2531 3036 2722 3101 alicui
2768 3036 2884 3101 deo
2930 3037 3038 3103 sed

795 3149 1008 3234 coquis
1052 3150 1261 3214 omnia
1308 3149 1539 3235 quibus
1582 3150 1886 3216 fruuntur
1932 3150 2212 3216 homines
2258 3148 2416 3215 bona
2463 3149 2724 3216 tribuit:

1194 3265 1294 3328 οὐκ
1338 3259 1474 3329 οἷσθ’
1521 3262 1607 3329 ἔτι
1650 3264 1886 3329 πάντων
1935 3265 1968 3338 ἦ
2018 3263 2325 3346 μαγειρικὴ
2372 3264 2556 3345 τέχνη

1192 3379 1328 3458 πρὸς
1375 3378 1676 3455 εὐσέβειαν
1720 3386 1985 3442 πλεῖστα
2029 3379 2432 3460 προσενήνεχθ’
2481 3377 2660 3454 ἔλωςς

793 3500 857 3555 et
902 3491 1129 3558 deinde

1235 3611 1337 3670 τοῦ
1385 3589 1678 3686 θηριώδους
1725 3607 1828 3670 καὶ
1879 3608 2289 3687 παρασπόνδου
2343 3607 2471 3685 βίον

1235 3721 1399 3796 ἡμᾶς
1446 3719 1563 3799 γὰρ
1609 3718 1973 3784 ἀπολύσασα
2019 3720 2120 3784 καὶ
2167 3729 2274 3794 τῆς
2320 3721 2634 3801 δυσχεροῦς

1232 3833 1722 3913 ἀλληλοφαγίας,
1772 3832 1964 3911 ἤγαγ’
2011 3834 2089 3906 εἷς
2134 3831 2301 3908 τάξιν
2347 3835 2495 3906 τινα,
2543 3835 2664 3899 κτέ.

790 4054 898 4123 Vs.
948 4049 1109 4121 338.
1671 4062 1773 4122 τοῦ
1818 4057 1870 4122 δ’
1929 4055 2156 4140 ἔψεξας

879 4170 1083 4236 Schol.
1140 4164 1312 4250 ’παρα
1370 4171 1431 4235 δὲ
1493 4178 1617 4243 τοῖς
1663 4178 1963 4251 τραγικοῖς
2008 4169 2209 4253 ἔφεξις
2255 4171 2287 4245 ἢ
2337 4172 2648 4253 πρόφασις.
2703 4171 2781 4237 In
2828 4194 3040 4259 super-

788 4285 1045 4351 stitibus
1112 4284 1477 4370 tragoediis·
1516 4306 1642 4349 non
1714 4286 1987 4351 occurrit
2055 4286 2156 4351 sed
2223 4285 2491 4371 Hesych.
2556 4282 2779 4366 ἔφεξιν·
2839 4287 3034 4366 χάριν,

786 4399 972 4473 ἕνεκα,
1019 4402 1288 4471 κώλυσιν,
1337 4399 1371 4473 ἢ
1419 4400 1714 4481 πρόφασιν
1762 4408 1825 4464 et
1872 4397 2095 4479 ἔφεέις·
2141 4403 2332 4481 χάριν,
2378 4399 2564 4471 ἕνεκα,
2612 4400 2859 4481 ἐποχὴν,
2901 4402 3038 4482 πρό-

787 4519 976 4596 Φασιν
1024 4515 1345 4595 Εὐριπίδης
1393 4515 1644 4596 Πειρίθῳ,
1693 4511 1887 4589 ἔπειξις
1919 4514 2025 4600 (⁴3)
