3875 5634
1570 725 2274 772 THBSMOPHORIAZUSAE.
2873 713 3001 775 119

796 946 837 977 „
858 897 1055 962 dixit:
1121 894 1266 974 γυνή
1323 918 1392 960 τε
1438 893 1675 960 πάντων
1722 894 2083 976 aymam-ov
2128 894 2365 959 κακόν.”
2415 895 2603 977 Quod
2649 896 3053 962 vehementer

798 1008 1039 1074 dubito.
1092 1006 1302 1072 Nimis
1351 1006 1518 1072 enim
1566 1007 1920 1093 discrepant
1962 1006 2299 1093 Euripidea
2347 1007 2531 1073 verba
2564 1008 2641 1073 ab
2690 1011 3054 1098 Aristopha-

795 1125 949 1189 neiS.
1000 1125 1304 1187 Attamen
1351 1120 1532 1204 ἄγριαι
1580 1119 1741 1186 κακά
1788 1122 2056 1186 sermoni
2105 1122 2478 1187 comicorum
2524 1145 2651 1190 non
2700 1147 3052 1210 congruum

797 1247 891 1304 est
951 1260 1155 1323 neque
1217 1259 1485 1322 usquam
1537 1238 1602 1301 in
1654 1237 1971 1302 comoedia
2017 1236 2212 1319 ἄγριος
2258 1237 2372 1303 hoc
2417 1239 2772 1324 significatu
2817 1239 3053 1306 inveni-

794 1362 920 1420 tur.
970 1353 1216 1439 Tragici
1263 1353 1485 1417 dicunt
1531 1352 1710 1433 ἀγρία
1757 1352 1935 1434 νόσος,
1985 1352 2172 1439 Soph.
2220 1352 2383 1418 Phil.
2428 1356 2571 1435 173,
2614 1355 2763 1420 Eur.
2803 1354 2912 1420 Or.
2940 1357 3046 1437 34,

797 1468 974 1549 ἄγρα
1041 1468 1387 1550 τρκύματκ,
1456 1467 1609 1532 Eur.
1671 1466 1870 1531 Andr.
1934 1470 2126 1532 1155.
2189 1467 2243 1532 Ε
2287 1468 2606 1553 tragoedia
2651 1470 2849 1555 igitur
2890 1470 3054 1535 hanc

796 1582 1174 1647 locutionem
1236 1581 1580 1669 depromsit
1640 1581 2107 1668 Aristophaneo,
2171 1581 2280 1646 sed
2339 1589 2584 1647 tantum
2653 1592 2727 1648 ut
2786 1585 3051 1650 occasio·

796 1718 936 1760 nem
983 1695 1286 1782 reperiret
1331 1696 1654 1780 sequentis
1699 1715 1916 1759 versus
1960 1694 2397 1780 subiungendi,
2965 1708 2970 1713 ‘

1198 1843 1296 1909 ἅτ’
1342 1847 1401 1909 ἐν
1447 1845 1690 1925 ἀγρίοισι
1735 1852 1859 1918 τοῖς
1904 1836 2194 1924 λαχάνοις
2240 1846 2420 1919 αὐτὸς
2465 1847 2728 1927 τραφείς.

795 2017 920 2080 quo
967 1994 1149 2073 ridet,
1199 1994 1304 2059 sed
1354 2017 1480 2059 non
1526 1993 1862 2060 admodum
1912 1994 2127 2075 facete,
2177 1996 2581 2082 etymologias
2621 2004 2685 2061 et
2718 1996 3046 2062 verborum

797 2109 976 2174 lusus
1048 2131 1207 2194 quos
1268 2107 1564 2174 amabant
1623 2108 1844 2193 tragici
1909 2116 2016 2172 ut:
2082 2109 2413 2190 Μελέαγρε,
2478 2109 2703 2189 μελέαν
2752 2092 2869 2191 γάῤ
2916 2112 3050 2176 ποτ’

798 2222 1058 2304 clypeum
1118 2220 1310 2303 ἄγραν
1367 2222 1520 2286 Eur.
1571 2222 1642 2286 fr.
1697 2225 1844 2286 521..
1895 2228 1960 2286 et
1997 2223 2224 2286 similia
2270 2223 2346 2288 ef.
2393 2222 2507 2308 Eq.
2562 2226 2751 2305 1258,
2799 2222 3044 2289 Thesm.

796 2340 946 2416 455,
1002 2338 1193 2414 1215,
1241 2336 1317 2399 fr.
1367 2338 1518 2400 324.
1569 2334 1862 2400 Ceterum
1909 2359 1985 2400 ex
2031 2336 2145 2400 hoc
2182 2335 2445 2420 aliisque
2483 2336 2762 2402 eiusdem
2802 2338 3050 2422 generis

805 2450 1097 2514 conviciis
1143 2450 1211 2515 in
1255 2448 1623 2537 Euripidem
1678 2449 1898 2513 humili
1947 2448 2079 2514 loco
2131 2458 2370 2530 natum,
2412 2451 2568 2515 Ach.
2605 2453 2756 2531 478,
2796 2451 2913 2536 Eq.
2948 2455 3052 2531 19,

794 2564 952 2630 Rau.
1020 2568 1170 2643 840,
1234 2563 1531 2629 docemur
1592 2571 1831 2650 quanto
1893 2587 2099 2629 amore
2145 2566 2541 2651 optimatium
2589 2566 2875 2654 partibus
2921 2574 3052 2633 stu·
3146 2572 3150 2576 ’

792 2677 967 2742 deret
1016 2678 1487 2764 Aristophanes,
1537 2677 1867 2764 populares
1912 2677 2277 2765 despiciens»

796 2964 905 3029 Vs.
954 2957 1366 3028 466—519.
1416 2962 1564 3028 vid.
1634 2964 1732 3029 ad.
1803 2964 1959 3028 Ach.
2032 2967 2401 3030 496—556.
2474 2967 2820 3033 Scholiasta
2887 2968 3051 3034 nihil

793 3083 1055 3142 annotat
1115 3077 1239 3142 nisi
1299 3077 1380 3142 ad
1444 3100 1531 3141 vs.
1600 3079 1762 3141 518:
1826 3076 1991 3157 παρὰ
2034 3077 2112 3142 τὰ
2155 3080 2222 3143 ἐκ
2269 3079 2570 3162 Τηλέφου.
2622 3082 2670 3146 εἰ
2716 3082 2785 3155 δὴ
2835 3082 3048 3161 θυμού-

793 3195 948 3272 μεθα.
990 3193 1114 3257 κτὲ.

802 3479 908 3545 Vs.
961 3471 1123 3544 582.
1198 3479 1260 3543 τί
1303 3478 1356 3543 δ’
1408 3476 1583 3551 ἔστιν,
1634 3472 1677 3541 ὦ
1721 3485 1873 3554 ταῖς
1921 3478 2126 3543 παῖδα
2174 3478 2290 3560 γάρ
2334 3480 2390 3543 σ’
2437 3480 2583 3554 εἰκὸς
2629 3488 2846 3547 καλεῖν.

882 3617 1151 3685 Versum
1197 3618 1509 3702 tragicum
1557 3616 1809 3682 subesse
1856 3624 2111 3703 apparet
2156 3617 2209 3681 si
2253 3640 2675 3704 comparamus
2718 3618 2904 3707 Vesp.
2954 3643 3044 3686 vs.

805 3735 994 3811 1297,
1041 3732 1276 3816 quiex
1323 3730 1606 3795 eiusdem
1655 3752 1868 3795 versus
1912 3731 2263 3795 imitatione
2310 3740 2497 3797 natus
2545 3740 2658 3796 est.
2708 3731 2857 3798 Non
2905 3756 3047 3798 con-

794 3853 917 3909 stat
977 3845 1055 3910 de
1116 3867 1205 3909 va.
1260 3848 1407 3925 586,
1456 3844 1569 3928 qui
1614 3844 1804 3909 etiam
1848 3844 2231 3928 tragoediam
2278 3845 2457 3930 sapit,
2507 3846 2644 3926 πρὸς
2683 3855 2837 3912 ποῖον
2884 3845 3048 3927 ἔργον

796 3957 829 4033 ἣ
877 3959 1027 4032 τίνος
1073 3960 1317 4038 γνώμης
1362 3960 1574 4040 χοίρως
1628 3956 1806 4023 Idem
1855 3980 2039 4044 porro
2085 3965 2179 4022 est
2224 3958 2500 4024 incessus
2548 3960 2843 4025 orationis
2891 3959 3045 4025 Clis-

794 4072 999 4137 thenis
1058 4076 1185 4139 574·
1232 4094 1364 4157 sqq.
1418 4079 1484 4136 et
1527 4072 1792 4136 ancillae
1837 4071 1990 4136 Eur.
2041 4070 2237 4136 Andr.
2290 4076 2370 4136 56
2420 4094 2553 4157 sqq.
2604 4072 2789 4138 Absit
2833 4080 3047 4140 tamen

794 4194 869 4251 ut
939 4186 1372 4272 Aristophanis
1432 4183 1620 4250 verba
1682 4185 1874 4252 huius
1933 4185 2052 4251 loci
2107 4185 2421 4272 parodiam
2470 4210 2601 4252 esse
2648 4187 3046 4255 contendam.

793 4299 892 4364 Ita
957 4301 1121 4364 enim
1192 4299 1452 4363 triverat
1523 4298 1790 4383 tragicos
1853 4300 2126 4363 comicus
2195 4307 2270 4365 ut
2328 4323 2528 4388 saepe,
2591 4300 2702 4366 ubi
2767 4302 3041 4387 graviter

793 4412 1118 4498 loquentes
1185 4412 1512 4477 induceret
1575 4435 1887 4498 personas,
1949 4412 2309 4498 imprudens
2362 4437 2464 4479 eos
2522 4415 2897 4494 imitaretur.
2949 4415 3044 4481 Cf.

794 4528 868 4593 fr.
919 4530 1028 4593 Ar.
1079 4529 1230 4594 397.
