3875 5634
1771 787 2241 855 scammelis.
2279 814 2288 823 ·
2659 810 2665 817 ·
3056 793 3092 854 5

886 1028 928 1058 „
946 965 1229 1063 loquitur
1290 975 1452 1057 Dic„
1512 998 1779 1062 quarum
1847 976 2046 1042 altera
2093 984 2265 1041 statu
2314 984 2519 1041 erecto
2543 975 2903 1056 haberetur,
2950 977 3147 1042 altera

884 1093 1010 1171 „in
1056 1099 1284 1156 trunco
1330 1090 1624 1155 lanionio.
1678 1092 1769 1154 At
1815 1113 1901 1154 vs.
1956 1093 2105 1171 364,
2158 1092 2309 1169 365,
2358 1094 2507 1169 486,
2557 1094 2706 1171 492,
2744 1094 2894 1169 495,
2919 1092 3145 1157 docent

885 1228 1135 1285 „unam
1184 1211 1433 1293 tantum
1482 1207 1829 1270 orationem
1868 1205 2099 1270 habere
2134 1205 2659 1290 Dicaeopolidem,
2690 1227 2960 1289 eumque
2997 1204 3145 1271 inde

886 1343 977 1397 „a
1038 1318 1253 1405 primis
1297 1318 1498 1383 verbis
1543 1326 1715 1383 statu
1764 1318 1876 1383 illo
1920 1340 2082 1383 novo
2130 1326 2195 1383 et
2242 1318 2525 1383 inaudito
2571 1318 2766 1403 loqui.
2814 1318 2984 1384 Haec
3030 1319 3145 1384 dif-

887 1431 1192 1511 „ficultas
1252 1454 1388 1496 meo
1450 1431 1707 1517 quidem
1767 1431 2004 1496 iudicio
2066 1432 2250 1496 facile
2313 1432 2455 1496 tolli
2503 1439 2725 1518 potest.
2775 1431 2925 1497 Loci
2973 1434 3140 1497 enim

887 1594 926 1622 ,‚
947 1544 1203 1625 laudati,
1251 1544 1482 1629 quibus
1528 1546 1685 1611 adde
1734 1568 1820 1609 vs.
1863 1547 2015 1624 417,
2045 1544 2340 1632 probant,
2382 1546 2600 1639 capitis
2624 1546 2969 1632 periculum
2994 1544 3135 1611 Dic.

890 1659 1263 1738 „aditurum
1328 1682 1492 1740 esse3
1555 1659 1661 1723 scd
1712 1660 1966 1746 ‹alege
2012 1683 2155 1724 eum
2203 1662 2543 1725 orationem
2590 1659 2946 1726 habiturum
2997 1684 3145 1743 esse,

891 1773 1012 1851 ‚,h.
1062 1773 1103 1837 l.
1170 1796 1293 1838 non
1354 1772 1606 1839 dicitur.
1657 1772 1884 1858 Itaque
1930 1782 2091 1861 post.
2120 1775 2264 1839 δοκῶ
2312 1775 2697 1839 reticentiam
2747 1776 3143 1840 statuendam

891 1888 1113 1966 „duco
1174 1897 1238 1951 et
1282 1888 1578 1973 suspicor,
1628 1887 1765 1951 Dic.
1814 1896 1999 1972 gestu
2048 1889 2258 1973 aliquo
2305 1889 2669 1971 significare,
2718 1889 2886 1973 quod
2933 1898 3144 1976 aperte

891 2049 931 2078 „
951 2001 1156 2065 dicere
1201 2000 1453 2065 dubitat
1468 2028 1488 2080 ς
1537 2000 1763 2066 deinde
1810 2002 2143 2076 ἀσυνδέτως
2192 2024 2414 2085 magna
2461 2002 2521 2066 vi
2566 2001 2777 2067 addit:
2820 2002 2956 2084 ὑπὲρ
2992 2001 3145 2078 bref.

892 2129 1076 2194 „xv-2..
1147 2116 1543 2201 Asyndetum
1596 2125 1933 2181 excusatur
1979 2138 2203 2201 magna
2247 2117 2439 2181 animi
2490 2117 2919 2181 commotione.
2971 2115 3152 2197 Quae

895 2278 936 2309 „
957 2229 1019 2294 h.
1069 2229 1110 2294 l.
1161 2228 1298 2293 Dic.
1348 2229 1590 2307 reticet,
1638 2229 1972 2314 profitetur
2013 2227 2337 2294 Philocleo
2387 2228 2573 2316 Vesp.
2622 2232 2746 2293 523
2787 2229 2855 2304 ἣν
2891 2231 3006 2312 γὰρ
3042 2230 3147 2305 ἡτ-

894 2391 935 2421 ,,
949 2342 1114 2417 atne&
1162 2343 1351 2421 λέγων
1388 2366 1509 2417 σου,
1546 2348 1970 2424 περιπεσοῦμαι
2009 2344 2090 2423 τῷ
2131 2339 2308 2424 ξίφει.
2339 2341 2477 2407 Nisi
2500 2343 2661 2408 forte
2686 2344 2954 2430 praefers
2976 2344 3145 2411 lacu·

897 2506 937 2536 „
955 2480 1098 2521 nam
1141 2458 1333 2522 unius
1371 2457 1470 2522 vel*
1507 2457 1788 2543 plurium
1827 2478 2120 2522 versuum
2145 2456 2481 2521 statuere.'’
2505 2456 2828 2523 Hactenus
2851 2458 3146 2524 Mueller.

897 2570 1089 2635 Recte
1149 2571 1518 2635 monstravit
1578 2592 1851 2656 quonam
1916 2568 2132 2635 morbo
2187 2577 2401 2635 textus
2447 2578 2733 2659 receptus
2777 2571 3038 2654 laboret,
3089 2579 3155 2637 et

897 2683 1137 2769 aliquid
1195 2705 1340 2748 sane
1393 2682 1752 2770 proficimus
1812 2684 1864 2746 si
1912 2704 2058 2747 cum
2107 2706 2181 2747 eo
2224 2683 2612 2770 aposiopesin
2655 2692 2795 2770 post
2839 2685 2983 2751 δοκῶ
3029 2692 3150 2750 sta·

898 2796 1140 2862 tuimus
1154 2823 1172 2876 ς
1230 2796 1473 2862 fallitur
1535 2804 1765 2878 tamen,
1831 2820 1931 2862 me
1977 2796 2204 2877 iudice,
2252 2797 2341 2861 ita
2388 2798 2593 2861 omnia
2638 2820 2786 2863 sana
2832 2821 2959 2862 esse
3003 2798 3157 2863 exis-

900 2912 1147 2978 timans.
1185 2910 1446 2975 Etiamsi
1486 2934 1796 2998 ponamus
1834 2910 2079 2997 aliquid
2113 2911 2435 2977 reticuisse
2470 2909 2976 3000 Dicaeopolidem
3010 2919 3154 2999 post

904 3023 1048 3121 δρκῶ
1111 3032 1175 3087 et
1235 3024 1564 3097 ὦσυνδέτως
1624 3023 1820 3109 loqui,
1882 3024 1983 3089 vel
2029 3025 2117 3089 sic
2159 3031 2369 3107 tamen
2413 3046 2610 3089 sermo
2655 3047 2782 3089 non
2830 3025 3155 3091 cohaerere

903 3137 1172 3202 videtur.
1242 3135 1529 3217 Quonam
1601 3140 1769 3202 enim
1836 3134 2156 3219 συνδέσμῳ’
2203 3138 2302 3203 nti
2362 3139 2665 3223 potuisset
2724 3147 2799 3204 ut
2855 3140 3156 3206 continua

905 3251 1192 3332 evaderet
1236 3253 1452 3333 oratio,
1501 3275 1629 3317 non
1680 3252 1880 3331 video,
1931 3273 2137 3337 neque
2183 3274 2456 3337 quonam
2494 3252 2632 3317 iure
2667 3253 2981 3339 scripserit
3020 3254 3151 3319 M.:

905 3415 945 3444 ‚,
963 3389 1036 3430 ea
1103 3365 1239 3450 lege
1307 3367 1370 3450 (i.
1422 3390 1476 3431 e.
1540 3366 1760 3453 capitis
1827 3366 2179 3452 periculum
2249 3367 2593 3451 aditurum)
2655 3365 3156 3453 Dicaeopolidem

905 3479 1243 3544 orationem
1305 3477 1670 3544 habiturum
1717 3502 1847 3544 esse
1893 3480 2013 3544 hoc
2059 3478 2197 3544 loco
2242 3501 2369 3544 non
2414 3478 2685 3543 dicitur’'
2731 3480 2833 3545 cui
2877 3475 3158 3567 opinioni

905 3592 1148 3657 etiamsi
1192 3592 1400 3656 omnia
1444 3593 1503 3657 ei
1547 3574 1980 3671 concedamus,
2027 3600 2247 3678 poetae
2293 3590 2481 3656 verba
2523 3599 2895 3679 repugnant.

993 3706 1199 3771 Aliter
1245 3729 1343 3771 res
1386 3730 1450 3771 se
1492 3705 1717 3771 habere
1756 3706 1914 3771 mihi
1953 3706 2220 3786 videtur,
2263 3713 2328 3771 et
2365 3707 2646 3791 quamvis
2681 3706 2966 3773 tenebras
2988 3730 3157 3795 pror·

905 3844 1010 3886 sus
1046 3820 1377 3908 dispellere
1413 3820 1569 3885 mihi
1607 3843 1732 3886 non
1758 3821 2116 3904 contigerit,
2142 3819 2344 3885 dicam
2368 3819 2524 3906 quid
2546 3819 2835 3886 accidisse
2858 3823 3155 3908 suspicer.

996 3935 1255 4022 Scripsit
1315 3933 1761 4020 Aristophanes
1821 3956 2091 4012 versum,
2151 3935 2264 4018 qni
2322 3955 2494 3999 nunc
2539 3942 2633 3999 est
2679 3937 2829 4014 318,
2873 3941 3019 4000 ante
3061 3958 3152 4000 vs.

910 4049 1059 4127 317,
1107 4055 1172 4112 et
1217 4047 1497 4112 ordinem
1541 4048 1804 4112 invertit
1845 4045 2143 4112 librarius
2180 4045 2482 4135 deceptus
2516 4070 2664 4113 voce
2701 4048 2892 4127 λέγειν
2928 4050 2995 4114 in
3031 4049 3157 4115 fine

910 4182 1200 4227 versuum
1247 4163 1374 4225 316
1420 4167 1486 4226 et
1529 4164 1680 4226 318.
1730 4162 1974 4227 Multos
2013 4161 2318 4247 ejusmodi
2360 4184 2594 4228 errores
2632 4162 2759 4228 non
2795 4163 2862 4228 in
2900 4164 3155 4231 Graecis

882 4283 1160 4353 *tantum
1220 4274 1538 4341 codicibus
1597 4275 1703 4341 sed
1751 4277 1818 4341 in
1864 4276 2006 4342 aliis
2050 4296 2303 4361 quoque
2349 4276 2613 4340 inveniri
2659 4277 2748 4340 ita
2793 4285 3036 4343 constat
3080 4285 3157 4344 ut

910 4389 1190 4474 exempla
1233 4388 1449 4454 afferre
1494 4410 2026 4477 supervacaneum
2071 4389 2176 4454 sit.
2227 4386 2457 4473 Itaque
2498 4388 2774 4474 legatur:

1133 4504 1283 4568 317.
1332 4500 1471 4585 ὑπὲρ
1517 4499 1789 4577 ἐπιξήνου
1831 4501 2072 4576 θελήσω
2164 4550 2624 4569 .....
2717 4504 2911 4583 λέγειν

1136 4617 1282 4680 318.
1329 4613 1441 4681 κᾶν
1485 4641 1560 4695 γε
1607 4616 1695 4695 μὴ
1742 4615 1899 4695 λέγω
1944 4615 2146 4681 δίκαια,
2195 4612 2350 4694 μηδὲ
2395 4618 2477 4697 τῷ
2524 4617 2728 4691 πλήθει
2773 4618 2917 4684 δοκῶ
2960 4655 3054 4669 —
