3875 5634
1627 786 1881 831 osseca
1926 786 1996 830 rx
2044 786 2309 831 nmmo.
2900 770 3026 831 215

930 953 1167 1019 Verum
1215 953 1367 1018 haec
1411 975 1535 1017 non
1582 954 1711 1017 veri
1745 960 1895 1017 sunt
1933 951 2159 1018 similia
2195 973 2400 1036 neque
2435 954 2709 1018 multum
2756 954 2903 1019 inde
2938 977 3077 1040 pro-

837 1055 1064 1120 ficitur.
1131 1053 1416 1119 Fortasse
1475 1053 1588 1117 lux
1647 1052 1976 1139 affulgebit
2036 1054 2088 1118 si
2145 1052 2331 1118 verba
2389 1052 2647 1120 obscura
2708 1055 2772 1119 in
2835 1054 3070 1121 Graeoe

839 1157 1274 1221 convertimus.
1337 1155 1629 1240 Suspicor
1687 1155 1851 1219 enim
1914 1155 1980 1219 in
2047 1155 2283 1220 Graeco
2327 1155 2487 1220 libro
2531 1156 2831 1242 scriptum
2880 1158 3072 1223 fnisse

840 1258 1002 1336 μετὰ
1066 1262 1169 1322 τοῦ
1239 1257 1524 1335 Πηγάσου
1596 1259 1694 1341 (nt
1753 1255 1960 1322 Schol.
2023 1255 2104 1320 Il.
2169 1255 2262 1320 VI
2323 1259 2469 1340 155)
2530 1257 2609 1330 εἷς
2669 1258 2766 1322 τὸν
2825 1258 3067 1338 οὖρκνόν,

839 1381 1108 1444 eumque
1155 1359 1266 1443 qui
1310 1356 1485 1423 Poet.
1534 1369 1682 1423 astr.
1726 1358 2095 1443 conscripsit
2131 1358 2385 1422 vertisse
2423 1380 2493 1423 ac
2531 1359 2583 1422 si
2621 1357 2872 1444 legisset
2910 1358 3072 1437 μετὰ

838 1460 944 1532 τὴν
996 1467 1198 1538 πηγῆς
1241 1456 1450 1540 εὕρεσιν
1494 1461 1588 1532 εἰς.
1620 1460 1718 1525 τὸν
1764 1461 2015 1540 οὐρανόν.
2065 1456 2242 1538 Quae
2288 1459 2642 1524 coniectura
2684 1467 2894 1524 tamen
2941 1482 3068 1525 non

839 1557 917 1624 ab
975 1561 1146 1625 omni
1206 1572 1383 1646 parte
1443 1560 1766 1639 satisfacit,
1823 1561 1974 1644 quia
2028 1561 2314 1638 Πηγάσου
2373 1568 2438 1624 et
2498 1583 2768 1638 πηγησευ
2813 1561 3069 1645 quidem

840 1662 1224 1727 conveniunt
1282 1668 1484 1726 cetera
1545 1683 1692 1725 vero
1739 1661 2055 1726 differunt.
2103 1660 2531 1726 Nihilominus
2571 1663 2705 1727 fieri
2751 1671 2953 1748 potest
3001 1672 3078 1729 nt

839 1764 929 1827 ita
988 1762 1287 1827 erraverit
1344 1761 1528 1826 homo
1575 1762 1762 1847 plane
1808 1760 2143 1847 plumbens
2186 1771 2250 1825 et
2294 1763 2638 1848 imperitnS.
2689 1762 2861 1844 Quid
2908 1764 3073 1828 enim

839 1886 963 1929 non
1016 1870 1302 1949 expectes
1357 1861 1434 1926 ab
1494 1885 1567 1927 eo
1628 1864 1740 1948 qni
1805 1862 2043 1927 Graeca
2103 1861 2275 1928 Erat.
2323 1861 2551 1928 Catast.
2601 1887 2653 1928 c.
2707 1867 2738 1927 l
2792 1860 2970 1929 οὖσαν
3018 1866 3071 1930 δ’

837 1967 894 2030 ἐν
954 1968 1033 2047 τῷ
1084 1964 1187 2044 ὄρει
1245 1966 1568 2043 θηρευθῆνκι
1613 1966 1724 2028 ὑπὸ
1771 1964 2028 2027 αἰπόλων
2072 1988 2234 2028 τινων
2274 1961 2497 2029 Latine
2543 1964 2848 2031 reddidit:
2907 1970 3072 2036 Quae

838 2092 964 2133 cum
1024 2069 1086 2130 iu
1144 2068 1299 2130 sileo
1356 2073 1424 2129 ut
1477 2068 1624 2150 fera
1685 2074 2004 2146 vayarelur
2048 2089 2087 2128 a
2132 2067 2473 2149 quibusdam
2516 2069 2850 2131 Aetolorum
2895 2076 3069 2150 capto

837 2175 954 2232 cet.
1003 2175 1067 2232 et
1110 2168 1339 2230 iterum
1385 2189 1438 2230 c.
1489 2170 1565 2229 4:
1613 2168 1775 2230 dedic
1819 2167 2054 2231 cuidam
2097 2169 2427 2231 Aetolorum
2460 2169 2754 2247 alendam,
2804 2177 2868 2232 et
2911 2169 3069 2233 eius·

837 2270 977 2334 dem
1042 2267 1224 2332 verba
1283 2290 1334 2330 c.
1397 2269 1477 2330 13
1525 2264 1915 2351 (“H:Dxeo··ro.3)
1965 2268 2170 2348 ἀφῆκε
2213 2267 2318 2339 τὴν
2362 2267 2689 2345 ambustam,
2735 2269 3059 2349 Φερομένης

836 2372 913 2444 εἰς
957 2370 1063 2443 τὴν
1108 2377 1222 2448 γῆν
1267 2376 1374 2442 τῆς
1419 2370 1672 2447 caepi-5:
1720 2370 1938 2454 effudit
1978 2370 2042 2432 in
2080 2377 2296 2432 terram
2334 2370 2753 2451 voluptatem?
2790 2368 2882 2434 Cf.
2910 2371 3065 2435 Bur·

837 2473 989 2549 sian,
1045 2471 1086 2534 l.
1146 2470 1186 2535 l.
1253 2492 1315 2555 p.
1383 2470 1506 2532 765
1570 2476 1634 2532 et
1682 2469 2256 2553 Sitzungsberichte
2316 2468 2424 2533 der
2461 2469 2540 2533 K.
2589 2470 2659 2534 Β.
2712 2472 3053 2536 Akademie

837 2572 945 2636 der
992 2570 1521 2635 wissenschaften
1569 2591 1649 2633 zu
1697 2568 2035 2634 Miiuchen.
2091 2572 2280 2634 1876.
2328 2570 2363 2634 Ι
2408 2594 2467 2656 p.
2517 2576 2576 2636 9.

924 2670 1130 2735 Verba
1175 2671 1390 2756 inepta
1434 2674 1651 2750 „uncle
1693 2672 1881 2735 victor
1918 2672 2308 2754 profuqiens”
2358 2672 2510 2756 quin
2556 2672 2747 2736 simili
2797 2673 2978 2738 modo
3023 2699 3057 2738 e

840 2774 1092 2838 Graecis
1149 2771 1512 2858 explicanda
1572 2773 1716 2852 sint,
1779 2793 1906 2836 non
1968 2770 2210 2837 dubito.
2276 2771 2371 2837 De
2428 2775 2591 2858 Hyg.
2639 2772 2709 2838 P.
2758 2777 2836 2838 A.
2886 2798 2938 2839 c.
2988 2778 3069 2839 37

838 2874 967 2938 dixi
1014 2895 1152 2959 pag.
1206 2875 1355 2938 112.

924 2974 1384 3051 Eratosthenes,
1424 2994 1614 3058 quem
1662 2981 1726 3037 et
1769 2972 1916 3037 alibi
1966 2982 2030 3037 et
2075 2972 2192 3037 hoc
2236 2974 2369 3059 ipso
2413 2975 2612 3060 capite
2666 2977 2744 3039 18
2781 2977 3066 3060 seqnitur

832 3075 1121 3161 Hyginus
1147 3077 1191 3160 ¹)
1246 3080 1343 3161 (ut
1386 3081 1635 3160 recepto
1680 3076 1934 3139 nomine
1982 3078 2148 3157 utar)
2197 3074 2515 3140 historiam
2561 3073 3064 3162 Bellerophontis

831 3199 957 3242 non
1023 3176 1243 3255 habet3
1304 3198 1506 3262 panca
1568 3197 1727 3260 quae
1788 3176 1875 3240 ibi
1935 3176 2240 3260 leguntur
2297 3174 2466 3241 ἄλλοι
2526 3178 2588 3242 δὲ
2633 3180 2729 3242 τὸν
2775 3181 3058 3256 Πῆγκσον

832 3274 980 3344 εἶναι’
1018 3285 1176 3359 mxc-1
1221 3279 1317 3343 τὸν
1361 3278 1441 3350 εἷς
1487 3280 1569 3341 τὰ
1614 3277 1806 3357 tim-px
1850 3277 2235 3351 dmm-dvm,
2276 3275 2500 3359 ὕστερον
2536 3286 2645 3353 τῆς
2682 3282 3070 3362 Βελλεροφόν-

834 3405 933 3446 του
975 3382 1249 3453 πτώσεως
1294 3378 1723 3465 interpolatori
1772 3377 2101 3457 debentur,
2151 3385 2225 3442 nt
2272 3379 2392 3442 iam
2437 3378 2783 3445 observavit
2828 3380 3071 3467 Heyne.

2238 3600 2343 3616 »να

905 3644 938 3702 ¹)
973 3644 1172 3691 Summo
1206 3641 1312 3690 inre
1347 3657 1445 3689 nou
1479 3641 1747 3689 assentitur
1782 3640 2010 3698 Bursian,
2045 3641 2078 3689 1.
2115 3641 2166 3698 1.,
2206 3641 2270 3689 iis
2303 3641 2384 3705 qui
2418 3640 2758 3690 Eratosthenis
2774 3640 3059 3690 Catasteris-

834 3739 939 3771 mos
983 3739 1038 3771 ex
1084 3721 1269 3785 Hygini
1318 3721 1452 3769 Poct.
1489 3730 1606 3769 astr.
1642 3721 1911 3769 translatos
1945 3736 2048 3769 esse
2084 3727 2273 3784 putant.
2309 3721 2598 3785 Repugnant
2632 3720 2747 3768 huic
2781 3721 3054 3769 sententiae

834 3809 884 3850 et
916 3801 1017 3849 alia
1061 3808 1108 3849 et
1144 3801 1242 3849 loci
1276 3801 1452 3864 tragici
1487 3816 1692 3864 quorum
1731 3801 1938 3863 vestigia
1973 3801 2283 3864 reperiuntur
2316 3798 2421 3848 Cat.
2456 3817 2496 3849 c.
2533 3801 2592 3849 13
2629 3808 2677 3848 et
2717 3801 2795 3850 85.
2835 3800 2910 3849 Cf.
2949 3818 3063 3851 aun.

835 3881 893 3930 ad
928 3881 1122 3929 Thesm.
1162 3880 1237 3930 17.

898 3960 989 4009 Sed
1023 3975 1174 4023 neque
1205 3959 1666 4008 Catasterismornm
1700 3958 1827 4006 liber
1859 3958 1942 4021 qui
1981 3957 2040 4005 ad
2075 3974 2164 4006 nos
2192 3959 2413 4022 pervenit
2441 3959 2685 4021 integrum
2721 3958 3063 4008 Eratosthenis

831 4056 952 4105 opus
1000 4047 1087 4088 est.
1134 4039 1258 4101 Quis
1290 4040 1421 4087 enim
1455 4038 1620 4087 credat
1656 4055 1685 4085 a
1723 4037 2008 4085 doctissimo
2045 4037 2136 4085 illo
2172 4037 2277 4086 viro
2312 4039 2529 4102 profecta
2564 4055 2666 4087 esse
2701 4055 2821 4102 quae
2857 4039 3065 4102 legimus

832 4137 871 4169 c.
909 4121 973 4168 20
1007 4119 1065 4167 de
1100 4118 1256 4167 sidere
1292 4118 1520 4166 Deltoto:
1555 4117 1762 4173 εὔσημον
1797 4116 1848 4165 δὲ
1883 4123 1940 4165 τὸ
1977 4117 2185 4176 γρέμμκ
2220 4113 2297 4164 ἐπ’
2336 4116 2485 4164 αἰτσῧ
2513 4113 2695 4165 κεῖσὶκι
2724 4118 2821 4166 ἀπ’.)
2855 4128 2964 4175 Aac
2995 4128 3075 4168 et:

833 4200 958 4259 Φασὶ
993 4197 1044 4246 δέ
1077 4215 1197 4253 τινες
1229 4199 1314 4245 καὶ
1345 4198 1431 4251 τὴν
1464 4200 1552 4252 τῆς
1588 4194 1845 4255 Αἰγύπτου
1883 4194 2004 4243 θέσιν
2041 4192 2093 4243 ὲκ
2128 4200 2213 4243 τοῦ
2242 4193 2288 4243 ἐν
2317 4199 2414 4252 τοῖς
2442 4195 2630 4255 ἄντροις
2662 4194 2777 4245 εἶναι
2807 4197 3077 4259 τρεγῶνουῖ)

830 4278 982 4327 Plura
1016 4278 1230 4326 eiusdem
1267 4276 1459 4341 generis
1492 4275 1644 4324 habet
1682 4275 1807 4339 Hyg.
1846 4275 1901 4324 P.
1940 4277 1999 4324 Δ.
2043 4291 2082 4323 c.
2127 4276 2201 4323 19.
