3875 5634
913 730 997 794 30
1340 698 1351 706 ’
1847 746 2135 807 nqurrns.

866 917 1129 996 insulas,
1196 938 1353 1002 quas
1416 918 1548 1003 ipse
1608 916 1834 980 mentis
1893 916 2071 1000 quasi
2131 914 2333 979 oculis
2390 913 2679 999 adspicit.
2728 890 3120 998 Soectatores

863 1038 1215 1096 monstrans
1256 1030 1699 1116 Agoracritum
1745 1037 1960 1115 rogat:
2076 1045 2108 1099 ,’

1226 1145 1353 1208 163
1398 1143 1512 1216 τὰς
1556 1144 1782 1222 στίχοις
1824 1143 1957 1225 ὁρᾷς
2001 1140 2114 1214 τοὶς
2160 1141 2341 1206 τῶνδε
2387 1144 2502 1205 τῶν
2550 1143 2747 1215 λαῶνς

865 1266 931 1321 et
974 1256 1346 1344 pollicetur:
2180 1269 2190 1275 ’

1354 1370 1571 1436 τούτων
1615 1368 1895 1435 ἁπάντων
1940 1370 2126 1443 αὐτὸς
2167 1368 2441 1449 ἀρχέλας
2487 1365 2621 1431 ἔσει.

954 1484 1051 1551 De
1094 1485 1338 1567 insulis,
1387 1485 1866 1551 Atheniensium
1913 1484 2097 1550 sociis
2142 1484 2402 1562 scincet,
2449 1482 2630 1548 addit
2672 1483 2800 1546 176
2821 1508 2835 1546 :
2859 1462 2979 1546 w
3019 1486 3123 1547 σοῦ

862 1606 1067 1665 ταῦτα
1113 1600 1319 1665 πάντα
1363 1600 1661 1681 πέρνοιτοιι.
2790 1654 2799 1661 .
2865 1660 2868 1663 ,
3031 1658 3040 1665 .

954 1714 1125 1779 Haec
1179 1715 1393 1780 omnia
1455 1714 1915 1781 festivissimam
1977 1737 2108 1779 esse
2170 1709 2708 1800 paratragoediam
2763 1731 2949 1775 nemo
2994 1731 3119 1775 non

860 1828 1022 1893 vidit
1079 1851 1283 1914 neque
1341 1829 1420 1893 de
1475 1828 1742 1914 singulis
1807 1827 2029 1907 verbis,
2090 1849 2252 1912 quae
2311 1848 2428 1912 pro
2472 1823 2795 1890 comoedia
2839 1823 3124 1910 graviora

862 1942 1012 2023 sint,
1070 1942 1372 2008 disserere
1431 1964 1590 2029 opus
1635 1950 1747 2007 est.
1794 1942 1975 2008 Kock
2021 1942 2115 2007 ad·
2145 1966 2232 2007 vs.
2284 1942 2410 2005 159
2456 1938 2647 2019 „Der
2692 1961 2830 2004 vers
2876 1937 3123 2003 scheint

861 2104 904 2135 ‚,
923 2057 1127 2121 einem
1182 2058 1455 2122 anderen
1504 2056 1765 2122 Dichter
1811 2066 2213 2122 entnommen
2260 2078 2339 2120 zu
2385 2057 2539 2120 sein.
2589 2053 2799 2118 Daher
2847 2053 2932 2118 ist
2977 2052 3122 2117 viel-

864 2169 1117 2247 „leicht
1163 2171 1280 2236 mit
1324 2170 1530 2256 Bergk
1580 2170 1886 2245 ’Λθηνέων
1934 2172 2024 2256 (in
2066 2169 2373 2256 Synizese,
2414 2169 2519 2234 die
2557 2167 2734 2233 HSS.
2761 2165 3119 2250 Ἀθηναίων)

865 2333 903 2363 ,‚
921 2307 999 2349 zu
1048 2284 1283 2350 loeenff'

861 2506 970 2572 Vs.
1026 2503 1184 2575 197.
1231 2510 1376 2575 ἀλλ’
1426 2509 1643 2575 ὁπόταν
1688 2510 1898 2592 μάρψῃ
1946 2511 2068 2575 κτὲ.
2119 2509 2387 2575 Parodia
2430 2508 2829 2574 oraculorum
2867 2506 3116 2573 Bacidis

860 2622 1276 2708 aliorumque,
1322 2645 1483 2708 quae
1525 2631 1681 2688 tunc
1724 2624 2022 2710 temporis
2066 2621 2667 2689 circumferebantur
2714 2628 2782 2686 et
2816 2642 2854 2685 a
2893 2620 3116 2686 multis

862 2735 1074 2822 magni
1120 2735 1531 2803 habebantur.
1579 2735 1672 2802 Cf.
1721 2740 1840 2802 Av.
1890 2740 2015 2803 967
2064 2758 2197 2822 sqq.
2248 2735 2394 2801 Pac.
2445 2738 2620 2800 1063
2665 2756 2800 2819 sqq.

861 2958 971 3027 Vs·
1019 2955 1184 3025 214.
1278 2962 1538 3044 τάραττε
1579 2961 1684 3027 καὶ
1729 2962 1957 3045 χόρδευ’
2005 2963 2151 3042 ὁμοῦ
2197 2962 2280 3028 τοὶ
2322 2962 2685 3044 πράγματα.

951 3075 1155 3141 Schol.
1213 3074 1522 3159 Παρῳδίαις
1582 3079 1809 3158 τρόπον·
1860 3075 2167 3159 παρῴδησε
2223 3076 2340 3158 γὰρ
2399 3078 2498 3143 τὸν
2549 3075 2775 3153 ἴαμβον
2819 3072 2887 3150 ἐξ
2930 3075 3113 3156 Ἠρα-

859 3190 1097 3255 κλειδῶν
1134 3191 1447 3272 Εὐριπίδου
1484 3191 1528 3256 i.
1569 3215 1646 3269 e.‚
1681 3191 1846 3256 sicut
1883 3190 2088 3256 Schol.
2128 3190 2245 3275 Eq.
2284 3192 2437 3269 221,
2466 3192 2639 3254 1099
2663 3215 2678 3253 2
2706 3189 2881 3253 hunc
2902 3186 3116 3254 iambi-

860 3326 1005 3370 cum
1065 3327 1314 3370 versum
1375 3305 1727 3392 composuit
1770 3327 2018 3371 versum
2064 3304 2541 3370 Heraclidarum
2589 3304 2864 3368 imitans.
2911 3303 3003 3366 At
3047 3301 3113 3366 in

732 3498 743 3507 0
859 3416 980 3483 hoc
1022 3418 1349 3506 Euripidis
1394 3419 1672 3485 dramate
1716 3419 1878 3485 nihil
1921 3419 2124 3485 simile
2162 3419 2506 3484 invenitur.
2549 3416 2709 3482 Cum
2746 3439 2877 3482 non
2913 3438 3114 3503 pauca

859 3530 1084 3613 desint,
1134 3541 1209 3598 ut
1254 3535 1533 3599 ostendit
1575 3533 1908 3600 Kirchhoff
1947 3534 2015 3598 in
2051 3540 2266 3599 annot.
2305 3534 2386 3598 ad
2424 3555 2514 3598 vs.
2559 3533 2710 3610 630,
2751 3554 2852 3596 res
2874 3531 3113 3595 incerta

858 3655 975 3727 est,
1015 3648 1121 3712 sed
1159 3670 1282 3712 non
1323 3648 1503 3712 video
1540 3651 1681 3732 quis
1719 3650 1785 3714 in
1824 3649 1943 3714 hoc
1980 3648 2276 3733 dramatis
2311 3655 2490 3733 parte
2513 3644 2717 3710 verbis
2741 3644 3114 3726 τάραττε-

858 3759 1204 3840 πράγματα
1236 3761 1336 3825 uti
1370 3762 1649 3846 potuerit
1670 3783 1875 3847 neque
1898 3761 2106 3827 versui
2131 3762 2415 3847 tragicus
2438 3767 2537 3825 est
2558 3758 2748 3824 color.
2775 3758 3110 3838 Tapdrrm

857 3874 1132 3938 occurrit
1185 3873 1440 3958 quidem
1500 3874 1565 3938 in
1624 3881 1783 3961 trag.
1841 3881 1918 3940 ut
1976 3875 2130 3939 Eur.
2187 3874 2377 3939 Herc.
2425 3873 2550 3939 fur.
2601 3875 2728 3937 605
2777 3869 2887 3937 sed
2932 3892 2970 3935 a
3015 3892 3112 3936 co-

856 3986 1100 4051 moedia
1144 3986 1406 4052 minime
1452 3986 1727 4052 alienum
1773 3995 1888 4067 est,
1937 3988 2013 4051 cf.
2062 3988 2179 4071 Eq.
2229 3990 2378 4068 867,
2430 3989 2582 4051 902.
2631 3984 2780 4070 Lys.
2833 3985 3029 4048 1232.

949 4099 1231 4166 Mentem
1277 4099 1477 4166 subiit
1518 4102 1704 4166 verba
1747 4102 2044 4183 παρῳδίας
2088 4101 2295 4181 τρόπον
2339 4099 2668 4166 referenda
2715 4120 2847 4163 esse
2893 4098 2974 4162 ad
3018 4119 3105 4160 vs.

861 4213 988 4276 210
1049 4212 1119 4278 οιῖ
1168 4238 1235 4278 κε
1295 4213 1384 4292 μὴ
1443 4212 1711 4295 θαλφθῇ
1756 4214 1953 4292 λόγοις
2003 4214 2193 4297 ibique
2235 4215 2541 4295 leyendum
2583 4234 2704 4276 esse
2746 4208 3108 4290 θελχθῇ,

855 4345 1001 4389 nam
1047 4326 1167 4390 etsi
1214 4326 1283 4390 in
1325 4325 1526 4391 lexico
1572 4326 1841 4412 Hesych.
1879 4325 2114 4410 legitur
2147 4325 2379 4403 θέλγει·
2415 4326 2656 4406 ἀπατᾷ,
2696 4322 2949 4396 θάλπει,
2970 4321 3111 4386 nul-

855 4435 992 4502 lum
1050 4460 1317 4523 usquam
1374 4439 1587 4505 inveni
1642 4439 1849 4505 locum
1906 4437 2020 4504 ubi
2062 4438 2323 4505 θάλπειν
2366 4439 2663 4503 mulcendi
2710 4435 3109 4520 significatio-

853 4572 1000 4617 nem
1042 4550 1288 4617 habeat.
1333 4552 1452 4617 Est
1492 4555 1841 4641 calefacere,
1885 4552 2013 4617 imo
2057 4554 2382 4633 incendere,
2427 4573 2576 4616 cum
2626 4556 2848 4615 contra
2885 4548 3108 4629 λόγοισι
