3875 5634
1744 794 2144 840 maman.
2893 779 3020 842 105

823 963 935 1027 Ar.
994 984 1059 1049 p.
1124 963 1276 1041 129,
1327 961 1441 1047 qui
1486 961 1704 1042 ἐπίσχε
1746 961 1905 1048 legit
1949 985 2063 1049 pro
2108 934 2378 1043 ἐπίσχες.
2423 969 2503 1028 ut
2547 986 2836 1029 numeros
2880 965 3069 1050 tragi-

821 1097 925 1141 cos
965 1075 1285 1141 restituat.
1332 1073 1424 1140 cf.
1472 1075 1676 1140 Schol.
1723 1074 1884 1141 Rau.
1937 1079 2129 1142 1080.

917 1188 1298 1273 sequentem
1344 1210 1592 1275 quoque
1637 1212 1887 1256 versum
1931 1214 1965 1255 e
2010 1189 2332 1276 tragoedia
2375 1190 2680 1275 originem
2716 1189 2941 1256 habere
2978 1214 3070 1257 os-

821 1302 1031 1368 tendit
1075 1326 1133 1367 v.
1182 1305 1389 1369 Herw.
1437 1304 1724 1392 Append.
1774 1304 1855 1370 ad
1900 1305 1994 1370 St.
2042 1306 2180 1370 crit.
2229 1305 2295 1370 in
2343 1304 2519 1370 Poet.
2569 1306 2664 1370 Sc.
2708 1305 2817 1370 Gr.
2855 1328 2918 1392 p.
2962 1308 3065 1370 13.

821 1414 1105 1482 Verbum
1174 1425 1374 1497 μολεῖν
1439 1417 1507 1483 in
1566 1418 1829 1503 senariis
1887 1418 2140 1483 comicis
2203 1442 2331 1484 non
2387 1418 2699 1505 reperitur
2758 1418 2877 1483 nisi
2921 1418 3067 1505 Lys.

826 1534 977 1613 984,
1039 1531 1308 1597 dialecto
1366 1531 1595 1612 dorica,
1657 1532 1725 1598 in
1788 1531 2024 1598 Troilo·
2049 1533 2392 1613 Strattidis,
2441 1532 2638 1597 Mein.
2687 1531 2760 1597 II
2805 1554 2866 1619 p.
2920 1536 3067 1614 778,

822 1643 933 1710 *Hx
993 1647 1247 1724 μήποτε,
1311 1640 1353 1709 ὦ
1412 1654 1529 1711 παῖ
1583 1645 1779 1721 Ζηνός,
1826 1647 1887 1720 ἐς
1932 1648 2150 1712 ταύτὸν
2196 1647 2405 1728 μόλῃς,
2454 1654 2519 1711 et
2562 1645 2628 1710 in
2676 1645 2883 1710 Milite
2927 1644 3073 1710 Phi-

820 1758 1106 1839 lemonis,
1155 1758 1347 1825 Mein.
1396 1758 1491 1823 IV
1536 1782 1597 1846 p.
1647 1763 1751 1841 26,
1797 1761 1875 1835 ὦς
1921 1758 2112 1843 ἵμερός
2157 1761 2227 1840 μ’
2277 1760 2499 1835 ὑπῆλθε
2540 1768 2620 1842 γῇ
2668 1782 2736 1824 τε
2775 1760 3021 1840 κούρανῷ
3063 1757 3072 1841 1

825 1871 996 1950 λέξαι
1042 1874 1281 1953 μολόντι
1323 1875 1536 1956 τοῦψον
1583 1876 1657 1948 ὥς
1699 1876 2015 1940 ἐσκεύασα.
2065 1875 2352 1960 Utroque
2397 1875 2533 1939 loco
2580 1881 2764 1961 poeta
2796 1874 3069 1954 παρῳδεῖ,

824 1998 901 2055 ut
963 1996 1221 2077 apparet
1282 2013 1316 2055 e
1375 1991 1655 2074 genitivo
1716 1991 1895 2064 Ζηνὸς
1943 1997 2009 2055 et
2055 2013 2089 2055 e
2136 1989 2599 2077 comparatione
2641 1989 2762 2053 loci
2807 1987 3068 2052 Medeae

822 2103 1170 2190 Euripidis„
1229 2126 1317 2169 vs.
1370 2105 1471 2185 57,
1519 2126 1704 2189 quem
1750 2105 2015 2170 detorsit
2059 2103 2369 2169 Philemo.
2420 2102 2813 2169 Vocabulum
2859 2103 3069 2168 πότνια

823 2219 1032 2306 priore
1091 2216 1327 2304 syllaba
1383 2218 1688 2305 producta
1748 2219 1816 2283 in
1872 2219 2131 2284 senariis
2190 2218 2428 2306 legitur
2489 2219 2677 2283 etiam
2722 2216 2890 2282 Eccl.
2939 2220 3066 2282 869

824 2339 889 2398 et
953 2333 1022 2397 in
1083 2333 1301 2419 fragm.
1363 2331 1764 2413 Philemonis,
1824 2356 1922 2420 ap.
1987 2334 2227 2398 Athen.
2295 2331 2454 2397 XIV
2515 2355 2568 2397 c.
2635 2334 2737 2411 53,
2794 2355 2854 2419 p.
2920 2335 3068 2410 645,

825 2447 1023 2513 Mein.
1072 2445 1169 2511 IV
1217 2450 1322 2526 21,
1368 2448 1435 2512 in
1480 2446 1750 2534 parodia.

824 2673 935 2740 Vs.
987 2668 1149 2739 833.
1268 2670 1310 2740 ὦ
1355 2674 1582 2749 πότνια,
1631 2673 1861 2757 Κύπρου
1904 2672 2010 2739 καὶ
2058 2674 2320 2754 Κυθήρων
2362 2672 2464 2739 καὶ
2509 2672 2728 2756 Πάφου

1271 2788 1554 2869 μεδέουσ).

913 2903 1182 2969 Numeri
1243 2904 1560 2991 parodiam
1619 2903 1903 2969 indicant
1962 2926 2079 2969 nec
2124 2903 2333 2968 minus
2376 2903 2552 2989 opica
2595 2924 2711 2966 vox
2761 2901 3068 2981 μεδέουσα.

827 3015 1017 3098 Quod
1062 3019 1128 3083 in
1176 3018 1496 3083 codicibus
1540 3018 1775 3102 legitur
1818 3018 1980 3092 ἄλλη
2030 3013 2073 3082 ὦ
2120 3017 2314 3082 errori
2357 3016 2598 3081 librarii
2642 3015 2923 3081 debetur.
2973 3014 3068 3080 Cf.

826 3132 1005 3198 Beer.
1054 3131 1262 3198 Ueber
1305 3133 1408 3199 die
1453 3133 1602 3198 Zahl
1647 3133 1757 3198 der
1803 3131 2240 3219 Schauspieler
2286 3131 2385 3197 bei
2432 3132 2542 3196 Ar.
2589 3153 2650 3217 p.
2700 3133 2805 3195 92.

828 3355 936 3421 Vs.
988 3350 1153 3422 963.
1269 3360 1409 3426 ποία
1451 3362 1649 3441 ψυχὴ,
1696 3367 1846 3426 ποῖοι
1890 3359 1945 3425 δ’
1992 3359 2184 3441 ὄρχεις
2199 3387 2219 3439 ;

739 3558 749 3566 -
920 3473 1128 3538 Schol.
1178 3473 1341 3554 παρὰ
1384 3474 1465 3538 τὰ
1508 3471 1576 3548 ἐξ
1619 3474 2038 3556 Ἀνδρομέδας.
2068 3473 2131 3553 ’,,
2145 3480 2309 3539 ποῖαι
2345 3471 2615 3550 λιβάδες,
2655 3470 2793 3536 ποία
2816 3469 2997 3550 σειρήν
3011 3467 3071 3545 3³¹

827 3588 902 3652 fr.
956 3589 1104 3651 116.
1154 3586 1250 3652 Ex
1294 3608 1419 3672 quo
1465 3588 1813 3673 fragmento
1860 3588 2021 3653 effici
2067 3588 2291 3673 nequit
2335 3584 2811 3671 Aristophanem
2862 3606 3073 3648 revera

826 3702 1035 3767 locum
1098 3701 1531 3768 Andromedae
1580 3703 1897 3768 imitatum
1949 3726 2080 3767 esse
2126 3724 2332 3787 neque
2380 3700 2533 3786 quid
2582 3698 2851 3763 voluerit
2894 3697 3074 3762 Euri-

827 3815 1004 3902 pides
1064 3816 1410 3902 perspicere
1470 3838 1813 3901 possumus.
1879 3815 2258 3881 Coniectura
2317 3814 2492 3895 ψωλὴ
2555 3835 2677 3877 non
2739 3834 2894 3899 opus
2941 3819 3070 3891 est;

826 3935 995 3994 amat
1039 3928 1205 3993 enim
1251 3936 1435 4016 poeta
1480 3930 1894 3996 diversissima
1940 3929 2339 4015 coniungere.

827 4152 936 4219 Vs.
992 4146 1199 4217 1124.
1271 4156 1386 4233 ἐγὼ
1433 4156 1579 4234 γυνὴ
1628 4154 1740 4233 μέν
1783 4155 1923 4233 εἶμι,
1972 4159 2100 4227 νοῦς
2140 4154 2192 4219 δ’
2232 4151 2423 4218 ἔνεστί
2462 4174 2584 4230 μοι·
2670 4147 2720 4168 “

1273 4268 1428 4341 αὑτὴ
1475 4269 1527 4335 δ’
1575 4271 1844 4348 ἐμαυτῆς
1889 4270 1953 4334 ού
1995 4272 2193 4340 κακῶς
2238 4266 2481 4345 γνώμης
2529 4262 2673 4344 ἔχω,

1275 4381 1407 4455 τοὺς
1453 4382 1506 4447 δ’
1553 4383 1619 4447 ἐκ
1663 4382 1882 4464 πατρός
1927 4406 1996 4446 τε
2037 4379 2144 4446 καὶ
2190 4379 2527 4461 γεραιτέρων
2572 4378 2781 4456 λόγους

1273 4497 1526 4568 πολλοὺς
1568 4496 1857 4561 οὶκούσασ’
1904 4497 1969 4562 ού
2017 4494 2417 4575 μεμούσωμαι
2461 4496 2676 4564 κακῶς.

915 4607 1125 4673 Schol.
1172 4609 1252 4674 ad
1298 4632 1386 4674 vs.
1437 4612 1606 4674 1125
1643 4609 1672 4674 ὃ
1711 4592 1923 4690 στίχος
1962 4610 2029 4674 ἐκ
2066 4615 2259 4690 σοφῆς
2300 4605 2700 4679 Μελανίππης
2739 4602 3070 4685 Εὐριπίδου.
