3875 5634
783 702 850 747 VI
1682 702 2057 748 murano·

823 873 1048 957 Itaque
1092 870 1353 936 lustravi
1392 870 1832 959 Aristophanis
1867 873 2215 939 comoedias
2251 881 2316 938 et
2349 874 2700 959 [tegmenta
2733 879 2818 951 et,
2846 895 2991 938 cum

741 985 906 1073 apud
953 985 1385 1071 grammaticos
1428 985 1555 1051 late
1602 994 1864 1074 pateant
1899 986 2192 1074 parodiae
2235 988 2390 1052 fines
2426 986 2571 1073 (vid.
2617 984 2920 1053 Tacub.1.
2946 986 2991 1051 l.

734 1123 794 1187 p.
862 1102 895 1164 1
959 1121 1089 1185 sqq.
1153 1098 1342 1164 Ribb.
1402 1098 1499 1165 De
1558 1123 1675 1166 usu
1739 1100 1954 1188 parod.
2009 1100 2181 1167 Part.
2232 1102 2286 1167 Ι.
2342 1124 2406 1189 p.
2460 1105 2492 1165 1
2546 1104 2723 1187 sqq.),
2776 1123 2992 1166 omnes

737 1213 892 1279 mihi
950 1216 1238 1302 proposui
1302 1238 1668 1303 componere
1713 1216 1881 1281 locos
1927 1215 2160 1302 quibus
2207 1217 2479 1282 comicus
2523 1215 2677 1281 alios
2726 1216 2984 1303 respicit

736 1337 967 1416 poetas,
1028 1352 1153 1395 non
1211 1337 1464 1395 tantum
1526 1331 1816 1417 parodias
1872 1354 2016 1396 vere
2073 1331 2162 1397 sic
2222 1332 2421 1397 dictas
2484 1330 2715 1416 quibus
2781 1331 2994 1417 gravia

736 1444 998 1510 aliorum
1061 1443 1245 1511 verba
1291 1453 1405 1510 aut
1449 1446 1807 1530 tragoediae
1852 1453 2226 1532 argumenta
2270 1447 2335 1510 in
2381 1447 2588 1510 iocum
2638 1432 2990 1531 detorquet,

736 1560 803 1625 id
874 1582 1061 1645 agens
1127 1565 1203 1623 ut
1268 1568 1382 1625 aut
1446 1559 1864 1647 reprehendat
1931 1567 2065 1641 aut,
2140 1560 2310 1645 quod
2377 1560 2753 1647 plerumque
2818 1560 2989 1641 facit,

740 1674 935 1739 risum
980 1680 1044 1737 et
1091 1673 1469 1739 hilaritatem
1515 1676 1768 1754 excitet,
1817 1675 1924 1740 sed
1974 1697 2078 1740 eos
2123 1697 2375 1760 quoque
2419 1674 2593 1740 locos
2634 1673 2746 1739 ubi
2794 1675 2997 1739 aliena

740 1785 926 1852 verba
987 1787 1141 1851 citat
1198 1787 1299 1852 vel
1360 1788 1489 1853 suis
1535 1789 1764 1854 intexit
1809 1796 1885 1855 ut
1929 1811 2274 1854 sermonem
2322 1811 2508 1854 suum
2558 1788 2993 1854 rotundiorem

743 1908 807 1965 et
853 1901 1292 1985 elegantiorem
1341 1900 1580 1967 reddat.
1630 1901 1791 1967 Cum
1839 1910 2053 1967 autem
2103 1903 2401 1968 acerrima
2447 1902 2572 1967 tela
2611 1903 2677 1967 in
2724 1903 2995 1988 tragicos

741 2015 1071 2080 coniecerit
1110 2014 1573 2101 Aristophanes,
1601 2020 1723 2104 'par
1761 2025 1895 2082 erat
1933 2017 2011 2083 de
2046 2016 2145 2082 his
2182 2040 2280 2081 me
2317 2015 2625 2103 copiosius
2650 2016 2991 2102 disputare.

829 2127 1007 2208 Quae
1066 2128 1188 2193 iam
1246 2127 1324 2193 ab
1384 2129 1524 2194 aliis
1584 2129 1661 2195 ab
1708 2133 1877 2196 omni
1919 2138 2097 2218 parte
2137 2131 2454 2218 explorata
2501 2139 2680 2196 erant
2723 2131 2994 2196 indicavi

740 2248 1011 2322 tantum,
1075 2241 1261 2328 paulo
1326 2242 1580 2308 fortasse
1640 2242 1997 2309 obscuriora
2050 2246 2358 2332 explicare
2405 2252 2666 2309 conatus
2715 2267 2874 2323 sum,
2924 2245 2989 2310 in

742 2355 1042 2441 originem
1085 2356 1483 2442 parodiarum
1528 2357 1848 2442 inquisivi,
1886 2360 2249 2444 praesertim
2290 2368 2362 2423 ut
2400 2358 2792 2422 ostenderem
2833 2358 2993 2443 quid

738 2469 984 2534 valeant
1031 2469 1379 2534 comoediae
1426 2471 1867 2558 Aristophanis
1911 2471 1990 2536 ad
2036 2471 2388 2559 deperditas
2433 2471 2782 2556 tragoedias
2823 2472 2996 2536 resti-

741 2584 1025 2649 tuendas.
1074 2583 1399 2650 Nonnulla
1445 2594 1767 2671 praeterea
1813 2587 2107 2650 annotavi
2155 2608 2314 2671 quae
2360 2587 2427 2650 in
2469 2587 2992 2651 commentatione

739 2696 816 2762 de
861 2696 1115 2784 parodia
1152 2698 1217 2762 in
1256 2696 1677 2783 Aristophane
1714 2697 1897 2764 facile
1935 2697 2147 2764 abesse
2187 2706 2538 2785 potuerant,
2580 2721 2742 2783 quae
2781 2707 2992 2765 tamen

742 2835 840 2877 me
878 2809 1076 2875 obiter
1114 2811 1448 2890 monuisse,
1490 2809 1829 2876 dummodo
1867 2811 2111 2897 aliquid
2151 2814 2278 2877 veri
2317 2813 2485 2893 insit,
2528 2813 2787 2879 lectores
2811 2834 2988 2901 spero

739 2925 868 2991 fore
916 2934 989 2989 ut
1032 2924 1187 2988 vitio
1234 2922 1391 2989 mihi
1435 2946 1563 2989 non
1609 2932 1875 2991 vertant.

831 3040 1011 3121 Quae
1049 3038 1254 3103 omnia
1291 3038 1687 3126 explorantes
1711 3061 1839 3103 non
1863 3061 2192 3125 possumus
2214 3061 2334 3104 non
2362 3040 2655 3105 admirari
2681 3048 2745 3105 et
2768 3043 3012 3108 comici?

737 3153 888 3218 felix
951 3152 1275 3238 ingenium
1336 3154 1727 3238 iocosamque
1787 3153 2203 3240 petulantiam
2250 3178 2410 3241 quae
2454 3164 2594 3243 post
2639 3163 2736 3221 tot
2783 3157 2994 3223 secula

739 3269 1013 3354 legentes
1069 3268 1274 3333 adbuc
1322 3268 1647 3348 exhilarat,
1696 3276 1760 3333 et
1807 3276 2036 3333 teretes
2082 3291 2264 3334 aures
2311 3269 2544 3333 theatri
2590 3270 2992 3336 Atheniensis

739 3385 905 3469 quod
945 3405 1416 3468 nonnumquam
1456 3382 1711 3468 quidem
1751 3382 1944 3447 salem
1986 3382 2371 3467 Megaricum
2417 3383 2629 3447 Attico
2667 3383 2989 3468 praetulit,

740 3506 806 3563 at
853 3506 1179 3585 tantopere
1223 3505 1435 3562 tamen
1480 3504 1696 3584 poetas
1742 3495 1992 3561 amabat
2037 3504 2100 3560 et-
2146 3498 2405 3561 triverat
2448 3504 2521 3561 ut
2559 3497 2994 3583 Aristophanis

740 3612 1026 3701 parodias
1071 3612 1437 3697 intellegere
1483 3619 1692 3698 posset
1729 3613 1930 3697 iisque
1972 3610 2411 3675 delectaretur.
2455 3609 2767 3675 Docemur
2801 3610 2989 3675 simul

742 3727 897 3812 quid
956 3725 1032 3792 de
1091 3727 1228 3792 aliis
1286 3728 1490 3812 poetis
1557 3726 2005 3813 Aristophanes
2054 3726 2333 3790 senserit.
2384 3724 2610 3810 Epicos
2656 3735 2721 3789 et
2766 3725 2991 3809 lyricos

739 3863 865 3906 non
937 3862 1118 3927 saepe
1174 3841 1390 3925 tetigit
1446 3847 1511 3905 et
1578 3839 1859 3904 ludibrio
1915 3839 2128 3903 nullos
2191 3836 2378 3902 habet
2423 3837 2544 3902 nisi
2592 3838 2991 3904 oraculorum

739 3957 1259 4021 consarcinatores
1306 3963 1371 4020 et
1417 3953 1907 4040 dithyrambicos
1948 3953 2370 4038 ampullantes
2388 3979 2406 4030 3
2454 3951 2776 4039 Sophoclis
2811 3952 2995 4018 verba

741 4069 1046 4135 rarissime
1091 4068 1347 4148 attulit;
1395 4067 1779 4154 Aeschylum
1829 4065 2278 4143 admirabatur,
2328 4067 2419 4129 ita
2464 4074 2674 4130 tamen
2720 4073 2796 4130 ut
2841 4089 3001 4132 non-

739 4202 1083 4265 numquam
1142 4179 1470 4246 subridens
1527 4181 1665 4245 eius
1727 4179 2088 4262 magnificos
2135 4188 2198 4242 et
2243 4177 2616 4263 ponderosos
2663 4180 2822 4244 citet
2870 4203 2998 4245 ver-

742 4319 881 4376 sus;
949 4296 1313 4383 Euripidem
1375 4319 1521 4382 prae
1583 4296 1725 4360 aliis
1788 4291 2185 4358 mordacibus
2243 4293 2537 4357 laceravit
2586 4295 2756 4360 iocis.
2808 4295 2998 4376 Quod

742 4433 1117 4497 quamquam
1187 4432 1664 4495 nonnumquam
1725 4410 1865 4473 iure
1926 4407 2142 4472 fecisse
2200 4407 2355 4471 mihi
2421 4407 2692 4488 videtur,
2742 4409 2998 4473 minime

744 4524 980 4610 ubique
1062 4524 1129 4589 in
1211 4523 1582 4611 Euripidem
1660 4521 1842 4587 nobis
1924 4519 2438 4586 subscribendum
2505 4542 2636 4585 esse
2710 4520 2996 4587 arbitror.

2208 4685 2238 4733 v
2323 4672 2326 4677 .
