3875 5634
1906 726 2087 772 Ave-S.
2993 716 3072 777 85

864 904 972 970 Vs.
1028 899 1236 973 1147.
1310 909 1370 973 τί
1413 910 1564 984 δῆτα
1610 911 1784 982 πόδες
1841 910 1913 974 ἒν
1962 912 2062 976 οὐκ
2111 910 2185 975 ἵεν
2232 911 2622 992 ἐργασαιάτο;

965 1019 1171 1086 Schol.
1246 1024 1408 1104 παρα
1465 1024 1573 1097 τὴν
1634 1026 1984 1105 παροιμίανε
2048 1026 2110 1090 τΙ
2152 1025 2303 1099 δῆτα
2348 1033 2542 1106 χεῖρες
2587 1065 2678 1076 -
2725 1029 3118 1109 ἕργασαίατος

874 1134 1063 1217 Quod
1110 1135 1401 1202 Nauckio
1449 1161 1509 1225 p.
1561 1142 1684 1205 657
1739 1163 1772 1204 e
1821 1139 2142 1224 tragoedia
2186 1140 2525 1226 repetitum
2569 1141 2836 1209 videtur.

866 1364 972 1429 ΥΒ.
1030 1356 1236 1427 1183.
1309 1365 1471 1446 αἰθὴρ
1518 1365 1782 1431 δονεῖται.

956 1477 1224 1542 Locutio
1287 1479 1536 1544 comicis
1598 1503 1721 1544 non
1783 1480 2036 1545 usitata.
2087 1479 2164 1545 In
2214 1480 2629 1569 Aristophane
2677 1491 3113 1569 praeterquam

868 1593 983 1657 hoc
1049 1592 1182 1657 loco
1231 1593 1415 1658 semel
1459 1595 1751 1672 occurrit,
1799 1595 1862 1659 in
1911 1596 2181 1660 carmine
2230 1594 2395 1660 Eccl.
2447 1599 2572 1659 949
2624 1596 2799 1670 δεινός
2847 1622 2936 1670 τις
2983 1598 3115 1680 ἔρως

864 1732 943 1783 με
1015 1707 1179 1771 δονεῖ.
1252 1707 1761 1787 ’Τφαντοδὸνατος
1822 1713 1940 1774 Av.
2001 1714 2149 1787 943,
2190 1710 2551 1790 ἆεροδόνητος
2596 1720 2660 1775 et
2708 1713 3113 1792 πτεροδόνητος

864 1822 980 1883 Av.
1053 1823 1242 1898 1385,
1311 1824 1477 1885 1390
1536 1821 1602 1887 in
1666 1823 1919 1908 parodia
1981 1823 2335 1908 lyricorum.
2386 1822 2463 1888 In
2512 1823 2752 1909 reliqua
2799 1825 3112 1891 comoedia

862 1934 1041 1998 δονεῖν
1087 1935 1274 1999 semel
1324 1936 1575 2021 legitur,
1624 1938 1689 2001 in
1730 1938 1947 2021 fragm.
1992 1936 2421 2016 Mnesimachi,
2465 1938 2573 2023 qui
2613 1938 2916 2018 παρῳδῶνε
2959 1940 3115 2018 ὀσμὴ

861 2050 1049 2125 σεμνὴ
1090 2058 1360 2132 μυκτῆρα
1408 2053 1566 2117 δονεῖ.
1619 2052 1814 2117 Mein.
1865 2052 1972 2117 III
2021 2076 2079 2138 p.
2111 2055 2257 2132 570,
2301 2075 2385 2117 vs.
2432 2055 2534 2118 60.
2586 2052 2843 2139 Saepius
2881 2055 2946 2118 in
2986 2054 3111 2120 Ho-

862 2186 1051 2243 mel-0,
1105 2172 1179 2229 ut
1225 2164 1304 2229 Il.
1357 2165 1487 2230 XII
1541 2169 1700 2231 157:
1751 2168 1936 2248 νέφεα
1987 2169 2256 2233 σκιόεντα
2309 2169 2574 2241 δονήσας,
2635 2174 2824 2252 atquc
2870 2168 2934 2232 in
2975 2167 3120 2233 Pin·

872 2275 1002 2341 dari
1055 2283 1119 2340 ct
1162 2277 1476 2344 Theocriti
1515 2281 1912 2381 carminibus.
1963 2281 2184 2345 Utitur
2232 2304 2303 2345 eo
2349 2280 2695 2367 Aeschylus
2737 2284 2882 2365 (non
2929 2281 3116 2368 Soph.

875 2414 1076 2476 nequo
1137 2392 1314 2477 Eur.)
1378 2396 1450 2460 fr.
1501 2360 1629 2460 3134
1676 2395 1783 2471 N„
1834 2399 1956 2459 321
2013 2395 2089 2459 1).
2142 2395 2410 2461 Videtur
2450 2396 2604 2460 mihi
2651 2397 2810 2478 αἰθὴρ
2859 2398 3105 2463 δονεῖται

863 2530 895 2569 c
942 2507 1262 2591 tragoedia
1307 2510 1578 2594 petitum
1628 2534 1758 2575 essc
1804 2519 1869 2574 ct
1916 2509 2128 2574 eodem
2181 2510 2488 2595 pertinere
2536 2532 2661 2594 quo
2707 2534 2793 2574 νε.
2850 2512 3038 2576 1197.

862 2733 969 2799 Ys.
1027 2727 1234 2799 1197.
1306 2737 1381 2807 ὡς
1426 2737 1611 2815 ἐγγὺς
1657 2737 1765 2810 ἤδη
1814 2738 2084 2816 δαίμονος
2134 2737 2439 2818 πεδαρσίου

1305 2850 1460 2925 δι’νης
1505 2855 1791 2933 πτερωτὸς
1836 2852 2104 2933 Φθόγγος
2151 2849 2507 2928 ἐξακούεται.

948 2963 1041 3028 Dc
1114 2964 1278 3029 hisce
1348 2975 1513 3031 recte
1576 2967 1802 3032 Nauck
1862 2991 1921 3053 p.
1990 2971 2113 3033 657
2180 2966 2564 3052 „Tragicum
2613 2966 2874 3031 colorem
2922 2964 3102 3030 facilc

860 3079 1369 3163 „agnoscimus”
1432 3079 1667 3145 Tacent
1728 3081 1993 3145 Scholia.
2057 3080 2454 3146 Adiectivum
2512 3080 2813 3161 πεδαρσιος
2859 3102 2986 3145 non
3035 3080 3097 3144 in

854 3191 1182 3279 Sophoclis
1243 3215 1444 3278 neque
1504 3195 1570 3259 in
1632 3195 1953 3283 Euripidis
1998 3194 2335 3280 tragoediis
2380 3195 2647 3259 inveniri
2696 3200 3096 3280 (quamquam

852 3305 953 3370 hic
1013 3306 1296 3388 πεδαίρειν
1359 3308 1566 3392 habet)
1627 3310 1734 3374 sed
1800 3309 2209 3394 Aeschylcum
2274 3333 2423 3388 esse,
2490 3308 2694 3373 Proin.
2746 3312 2893 3386 269,
2947 3310 3093 3389 710,

854 3428 1067 3486 monet
1114 3421 1310 3487 Kock.
1360 3446 1414 3487 a.
1465 3424 1525 3488 h.
1576 3424 1617 3488 l.
1668 3424 1946 3489 Mettum
1994 3448 2108 3489 vss.
2167 3426 2595 3488 uss—1198
2637 3423 2940 3508 tragicum
2981 3431 3094 3487 est.

849 3533 1328 3620 Paratragoedia
1367 3537 1613 3603 videtur
1660 3538 1922 3617 Kocki0‚
1965 3537 2071 3603 sed
2119 3538 2243 3602 vid.
2291 3540 2366 3604 ad
2408 3562 2492 3602 vs.
2549 3540 2737 3602 1494.

846 3765 954 3831 Vs.
1011 3755 1219 3827 1229.
1289 3764 1369 3827 τὼ
1418 3763 1669 3843 πτέρυγε
1714 3770 1822 3827 ποῖ
1864 3770 2238 3837 ναυστολεῖς;

938 3876 1217 3942 Verbum
1278 3885 1616 3943 ναυστολεῖν
1662 3879 1726 3941 in
1776 3880 1884 3941 Ar.
1934 3876 2267 3941 comoediis
2314 3899 2438 3941 non
2484 3876 2605 3941 nisi
2653 3873 2758 3939 ubi
2817 3875 3091 3954 παρωδεῖ,

843 3992 1091 4057 Thesm.
1140 3995 1331 4072 1101,
1369 3994 1533 4057 sicut
1569 3996 1987 4057 ναυσθλοῦσθαι
2027 3991 2169 4056 Pac.
2215 3993 2357 4055 126.
2396 3989 2685 4055 Occurrit
2709 3986 2872 4074 apud
2901 3988 3085 4074 Soph.

844 4113 907 4169 ct
949 4106 1139 4185 Eur.;
1189 4106 1504 4179 ναύστολος
1549 4129 1645 4192 ap.
1698 4107 2096 4191 Aeschylum.

844 4331 949 4397 Vs.
1005 4322 1214 4394 1231.
1263 4329 1574 4411 φράσουσα
1619 4331 1764 4395 θύειν
1806 4338 1929 4403 τοῖς
1976 4330 2332 4406 Ὀλυμπίοις
2380 4332 2521 4399 θεοῖς

1294 4452 1719 4527 μηλοσφαγεῖν
1767 4468 1830 4508 τε
1880 4444 2178 4521 βουόύτοις
2225 4444 2318 4507 ἐπ’
2364 4444 2649 4523 ἐσχάραις

1288 4563 1490 4624 κνισᾶν
1538 4559 1594 4623 τ’
1642 4559 1875 4635 ἀγυιάς.
