3875 5634
954 646 1035 708 58
1890 663 2149 710 aaran.

909 842 1018 908 Vs·
1067 837 1226 909 713.
1274 870 1378 910 και
1435 848 1501 911 τὸ
1560 843 1732 928 ξίφος
1792 847 1856 911 οὐ
1921 844 2188 921 δύναμαι
2234 842 2520 923 κατέχειν
2565 840 2710 906 ἀλλ’
2760 838 2871 913 ἤδη
2923 841 3167 918 μαλθα-

2854 952 2982 1038 [κὸς
3027 952 3168 1030 εἶμι·

1000 1068 1141 1133 vid.
1188 1070 1282 1135 ad.
1333 1069 1472 1156 Lys.
1526 1075 1670 1136 155.

914 1291 1022 1357 Vs.
1072 1286 1229 1358 729.
1321 1297 1479 1360 πιθοῦ
1523 1298 1684 1361 πιθοῦ
1728 1299 1970 1372 λόγοισι.
2030 1293 2176 1371 μηδ’
2223 1292 2430 1375 ἄφρων
2474 1291 2639 1372 γένῃ,

1006 1454 1013 1462 ·
1329 1391 1736 1485 unffi—uirentis:
1780 1406 1943 1486 ἄγαν
1982 1406 2305 1489 ἀτεράμων
2353 1406 2411 1470 τ’
2458 1405 2620 1487 α’νιὶρ.
2669 1405 2793 1470 κτὲ.

1010 1519 1269 1586 Numeri
1335 1546 1449 1587 vss.
1524 1525 1670 1603 730,
1746 1523 1895 1601 733,
1971 1523 2099 1588 735
2167 1529 2234 1586 et
2291 1521 2539 1586 antistr.
2609 1520 2756 1599 744,
2825 1521 2975 1600 747,
3042 1522 3169 1587 749

844 1648 856 1660 ·
932 1636 1148 1721 tragici
1218 1645 1384 1702 sunt.
1445 1638 1498 1703 Ι.
1568 1639 1827 1705 Richter
1885 1661 1942 1703 a.
2006 1638 2068 1702 h.
2128 1637 2209 1702 1.·
2271 1638 2575 1723 „Aperte
2633 1642 2890 1721 propter
2944 1634 3170 1717 ἄφρων,

926 1749 1151 1823 ἀτενης,
1212 1752 1514 1831 ἀτεράμων
1574 1754 1881 1840 tragicum
1943 1752 2219 1837 aliquem
2264 1750 2440 1836 tangi
2489 1748 2675 1814 credo
2721 1748 2820 1814 vel
2865 1748 3174 1836 ipsissima

921 1861 1187 1928 alicuius
1231 1863 1410 1930 verba
1454 1866 1712 1954 repetiss'
1758 1870 1848 1932 At
1893 1867 1958 1931 in
2008 1863 2391 1931 carminibus
2438 1863 2701 1929 choricis
2738 1864 2989 1949 saepius
3021 1862 3175 1928 talia

926 1976 1360 2058 inveniuntur3
1406 1978 1482 2044 de
1524 1980 1833 2061 ἀτεράμων
1882 1980 2006 2046 vid.
2059 1979 2220 2044 Aah.
2272 1979 2420 2042 181.

936 2198 1041 2264 Vs.
1092 2193 1250 2264 750.
1494 2207 1577 2283 μή
1629 2229 1727 2283 μοι
1770 2204 1988 2269 τούτων
2034 2204 2222 2281 μηδὲν
2270 2203 2578 2282 ὑπισχνοῦ.

1491 2320 1684 2384 κείνων
1731 2317 1964 2398 ἔραμαι,
2011 2320 2149 2383 κεῖθι
2192 2316 2476 2395 γενοίμαν

1490 2430 1556 2496 ἵν’
1604 2434 1630 2497 ὁ
1675 2428 1853 2511 κήρυξ
1896 2431 2056 2512 <pueri
2095 2431 2215 2496 κτὲ.

1023 2542 1221 2607 Schol.
1257 2541 1412 2608 Ven.
1453 2546 1525 2630 (si
1568 2545 1751 2610 modo
1790 2543 2101 2609 Dindorfii
2139 2543 2611 2609 annotationem
2659 2550 2827 2607 recte
2851 2541 3196 2627 intellego)

936 2656 1125 2719 κείνων
1190 2654 1431 2738 ἔραμαιε
1501 2657 1623 2733 Ἐξ
1691 2657 2047 2723 Ἱππολύτου
2116 2659 2251 2738 Εὐρ.
2328 2654 2549 2721 Valck.
2612 2656 2690 2721 ad
2750 2653 2946 2742 Hipp.
3010 2656 3174 2720 230:

936 2815 978 2845 „
998 2769 1167 2834 Haec
1229 2770 1859 2858 (κείνων-γενοίμαν)
1912 2793 2226 2856 nusquam
2273 2771 2687 2836 inveniuntur
2732 2770 2799 2835 in
2850 2768 3177 2856 Hippolyti

936 2929 977 2958 „
998 2903 1182 2966 quam
1227 2883 1488 2969 legimus
1535 2886 1805 2951 editione
1852 2893 2163 2966 correcta;
2213 2885 2445 2950 similia
2489 2883 2796 2969 quaedam
2845 2884 2913 2948 in
2954 2883 3092 2949 Alc.
3117 2905 3175 2947 v.

934 3042 975 3071 ,‚
998 2998 1142 3074 866,
1201 2996 1307 3062 sed
1353 2997 1664 3065 Phaedrae
1704 3007 2066 3085 congruunt
2113 3007 2176 3064 et
2223 2998 2340 3064 hoc
2387 2997 2455 3063 in
2502 2997 2638 3062 loco
2684 2997 2922 3083 primae
2968 2996 3176 3062 forsan

933 3108 1274 3184 „editionis
1317 3111 1557 3178 fuerant
1603 3115 1837 3199 posita.
1884 3114 2077 3179 κείνων
2125 3111 2360 3193 ἔραμαι,
2403 3111 2415 3201 Ι
2455 3113 2597 3176 κεῖθι
2634 3111 2940 3188 γενοίμαν,
2965 3111 3025 3174 ἑν
3059 3116 3177 3183 σοῖς

934 3222 1255 3299 »δαπέδοις
1294 3222 1304 3314 Ι
1343 3228 1566 3301 πώλους
1610 3226 1861 3300 Ἐνέτας
1908 3223 2438 3306 δαμαλιζομένα.”

1025 3333 1256 3401 Verum
1312 3362 1436 3405 non
1489 3339 1806 3427 probabile
1845 3347 1940 3406 est
1989 3338 2472 3425 Aristophanem
2521 3336 2792 3423 priorem
2840 3308 3175 3401 editionem

938 3450 1152 3515 citasse
1213 3474 1352 3517 cum
1412 3455 1476 3520 in
1520 3457 1654 3521 eius
1697 3456 1833 3521 loco
1879 3457 2003 3521 iam
2052 3454 2166 3519 diu
2210 3461 2378 3518 ante.
2404 3451 2621 3538 (Hipp.
2669 3449 2740 3515 II
2791 3449 2894 3515 Ol.
2946 3452 3050 3531 87,
3102 3452 3180 3528 2;

944 3561 1176 3651 Vespae
1221 3564 1320 3631 Ol.
1370 3570 1472 3648 89,
1521 3573 1582 3654 2)
1631 3570 1829 3635 altera
1876 3570 2296 3646 successisset,
2347 3588 2511 3652 quae
2559 3586 2772 3630 versus
2808 3586 2934 3629 non
2974 3564 3181 3629 minus

936 3679 1221 3761 parodiae
1262 3690 1438 3768 aptos
1481 3683 1822 3771 praeberet.

1028 3791 1257 3859 Person
1317 3797 1393 3861 de
1456 3801 1659 3885 priore
1720 3797 2071 3885 Hippolyto
2134 3820 2263 3863 non
2326 3793 2731 3881 cogitandum
2793 3814 2925 3856 esse
2970 3799 3182 3857 censet

940 3906 1041 3971 sed
1088 3930 1203 3972 vss.
1258 3911 1381 3973 215
1428 3935 1556 3997 sqq.
1606 3914 1801 3977 nostri
1841 3911 2174 3999 Hippolyti
2211 3908 2550 3995 legendum
2591 3930 2756 3971 esse:
2796 3906 3070 3984 πέμπετέ
3109 3906 3178 3983 μ’

939 4018 1018 4089 εἷς
1062 4020 1198 4101 ἔρος·
1244 4017 1360 4101 εἶμι
1405 4028 1538 4106 πρὸς
1581 4024 1729 4090 ὕλαν
1770 4025 1781 4115 Ι
1820 4025 1923 4091 καὶ
1970 4025 2137 4105 παρὰ
2180 4023 2426 4095 πεύκας.
2473 4020 2483 4112 Ι
2524 4022 2716 4086 κείνων
2752 4018 2987 4101 ἔραμαι,
3022 4017 3182 4085 κεῖθι

941 4134 1233 4211 γενοίμαν,
1275 4134 1284 4224 Ι
1324 4134 1414 4203 ἵνα
1460 4141 1747 4221 θηροφόνοι
1792 4139 2087 4218 στείβουσι
2133 4138 2315 4211 κύνες.

1030 4247 1120 4310 At
1176 4248 1287 4313 tali
1348 4253 1721 4332 coniectura,
1782 4275 1882 4317 me
1943 4251 2199 4338 quidem
2260 4250 2489 4330 iudice,
2552 4272 2679 4314 non
2727 4264 2886 4335 opus
2930 4253 3042 4311 est.
3093 4243 3183 4309 Ut

941 4356 1119 4431 πάθος
1165 4366 1509 4447 tragoediae
1556 4367 1621 4432 in
1668 4367 2026 4432 memoriam
2065 4372 2383 4432 revocaret
2421 4372 2487 4429 et
2526 4360 2902 4428 sublimibus
2929 4360 3179 4425 humili-

946 4468 1061 4535 bus
1118 4481 1547 4563 componendis
1606 4482 1977 4547 cachinnum
2031 4486 2328 4558 moveret,
2376 4501 2504 4545 non
2551 4499 2802 4544 necesse
2844 4482 2978 4540 erat
3014 4475 3186 4541 Aris·
