3875 5634
1794 777 2028 822 RASAE.
2857 765 2980 827 163

879 943 976 1009 lb.
1033 947 1157 1008 162
1205 966 1361 1029 sqq„
1417 946 1538 1009 173
1588 966 1719 1029 sqq.
1766 938 1810 1008 ἆ
1857 945 1992 1018 Ζην,
2043 947 2188 1017 Ἰοῦς
2237 946 2298 1009 ἰὼ
2345 947 2467 1010 κτὲ.

884 1057 980 1123 Ib.
1035 1062 1161 1123 89Ο
1212 1080 1367 1142 sqq.,
1418 1061 1542 1122 899
1588 1080 1720 1142 sqq.
1769 1064 1863 1136 μοῖ
1911 1065 1999 1122 Γοῖ
2048 1064 2142 1136 μᾶ
2190 1063 2279 1123 Γᾶ
2322 1060 2446 1124 κτὲ.

877 1173 1062 1239 Eum.
1114 1176 1242 1237 326
1290 1194 1445 1257 sqq„
1497 1175 1620 1237 341
1671 1195 1802 1257 sqq.
1850 1174 1945 1238 ἐπὶ
1993 1174 2057 1238 δὲ
2103 1174 2184 1253 τῷ
2233 1173 2523 1255 τεθυμένῳ
2573 1175 2694 1239 κτέ.

880 1288 1049 1375 Sept.
1099 1289 1226 1352 975
1274 1310 1429 1373 sqq„
1480 1291 1607 1352 986
1657 1310 1789 1372 sqq.
1839 1289 1931 1352 Ἰὼ
1982 1295 2179 1368 Μοῖραι
2224 1287 2603 1371 βκρυδότειροι
2648 1291 2770 1354 κτὲ.

882 1403 1360 1489 Aristophanem
1409 1403 1884 1489 ephymniorum
1925 1423 2113 1468 usum
2153 1401 2532 1488 improbasse
2565 1404 2821 1468 minime
2858 1427 2891 1468 e
2916 1427 3032 1469 vsa.

795 1519 964 1580 1264
1025 1539 1156 1602 sqq.
1220 1517 1525 1601 sequitur,
1584 1516 1660 1580 cf.
1711 1515 1870 1580 Rau.
1921 1518 2072 1595 398,
2123 1519 2274 1594 402,
2325 1518 2476 1595 408,
2523 1519 2673 1582 413.
2723 1517 2843 1582 Sed
2889 1541 3031 1583 eum

759 1646 917 1695 ‘uon
977 1630 1223 1716 fugerat
1267 1652 1498 1696 nexum
1545 1630 1841 1694 orationis
1887 1630 1952 1693 in
2003 1629 2301 1715 Aeschyli
2349 1629 2728 1696 carminibus
2775 1632 3034 1697 choricis

788 1766 970 1829 saepe
1032 1743 1286 1807 minime
1346 1743 1629 1808 lucidum
1692 1766 1843 1820 esse,
1906 1749 1971 1807 et
2030 1750 2277 1828 poetam
2346 1744 2501 1807 mira
2544 1743 2862 1808 interdum
2911 1744 3036 1811 dic·

787 1858 959 1922 tione
1007 1856 1104 1920 uti
1151 1860 1226 1941 (v.
1276 1879 1327 1921 c.
1377 1859 1443 1921 in
1493 1855 1601 1921 illo
1647 1856 1898 1937 xxpsss‘c'v'
1948 1857 2141 1921 οιύδοὶν
2186 1851 2267 1930 εὖ,
2317 1863 2423 1936 γοῖ,
2466 1859 2743 1945 κοννεῖς.)
2798 1866 2863 1923 et
2911 1881 3033 1924 cre·

791 1970 1131 2036 berrimum
1180 1994 1309 2036 esse
1353 1971 1420 2035 in
1466 1970 1792 2056 particulis
1835 1971 1910 2044 ἰὴ,
1961 1971 2022 2035 ἰὼ
2071 1970 2468 2056 usurpandis.

804 2197 905 2264 Vs.
957 2190 1167 2261 1266.
1241 2199 1468 2279 Ἑρμοῖν
1514 2199 1622 2277 μὲν
1669 2198 1937 2279 πρόγονον
1983 2197 2184 2275 τίομεν
2228 2195 2398 2276 γένος
2443 2197 2492 2262 οἱ
2535 2196 2658 2278 περὶ
2705 2198 2936 2276 λίμνοιν.

884 2312 1094 2378 Schol.
1140 2314 1207 2377 ἐκ
1249 2316 1361 2376 τῶν
1407 2312 1716 2392 Αἰσχύλου
1763 2317 2187 2392 Ψυχοιγωγῶν.
2242 2310 2455 2376 Schol.
2495 2308 2675 2375 Cant.
2714 2310 2922 2377 addit:
2963 2314 3028 2378 τὸ

794 2428 856 2493 δὲ
904 2428 1133 2509 Ἑρμᾶν
1180 2427 1289 2504 μὲν
1337 2426 1533 2503 τίομεν
1580 2425 1845 2508 λέγουσιν
1873 2423 1938 2490 ὀἱ
1987 2424 2277 2505 Ἀρκάδες
2300 2472 2489 2489 .....
2533 2425 2753 2503 λίμνοιν
2790 2424 2851 2490 δὲ
2877 2426 3033 2505 λέγει

795 2542 900 2615 την
947 2540 1391 2622 Στυμφαλίδα,
1437 2517 1495 2604 ἐν
1541 2540 1829 2622 Ἀρκαδίᾳ
1875 2539 1992 2620 γὰρ
2038 2539 2139 2603 xx}
2184 2536 2357 2612 αὕτη.
2409 2537 2510 2604 Fr.
2563 2541 2684 2603 271
2737 2538 2816 2603 D.

885 2654 1137 2719 Errasse
1199 2652 1369 2717 hunc
1428 2651 1816 2717 scholiastam
1883 2651 2163 2717 ostendit
2226 2649 2446 2716 Valck.
2513 2650 2716 2718 Diatr.
2762 2675 2824 2739 p.
2876 2655 3040 2718 286:

795 2766 1163 2852 „Aeschylo
1222 2773 1661 2851 argumentum
1712 2769 2115 2845 Ψυχοιγωγῶν
2163 2763 2424 2829 Homeri
2473 2765 2764 2852 praebuit
2809 2765 3034 2832 Νέκυια

797 2890 1046 2965 „atque
1109 2880 1230 2945 ista
1287 2879 1555 2944 Tiresiae
1609 2878 1794 2943 verba
1842 2879 1936 2963 (fr.
1991 2881 2117 2943 269
2169 2877 2277 2957 N.,
2328 2881 2454 2944 270
2505 2878 2608 2965 D.)
2656 2879 2916 2945 fuerunt
2959 2882 3037 2947 ad

800 3043 837 3072 ,,
852 2993 1159 3080 Ulyssem,
1221 2982 1331 3077 qui
1390 3000 1673 3057 mortuus
1718 3000 1812 3056 est
1857 2989 2301 3066 ἄκανθοπλήξ.”
2348 2990 2508 3056 Cum
2557 3000 2769 3058 autem
2815 2995 2881 3059 in
2928 2997 3040 3059 Ar·

797 3107 972 3172 cadia
1053 3107 1133 3172 ad
1199 3105 1654 3193 Stymphalium
1724 3105 1929 3170 lacum
2000 3105 2254 3171 nullum
2320 3105 2513 3170 fuerit
2581 3117 3036 3186 νεκυομαντεῖον,

797 3222 1132 3287 verisimile
1176 3222 1247 3286 fit
1292 3219 1474 3286 verba
1522 3221 1749 3301 Ἑρμᾶν
1794 3221 1917 3286 κτὲ.
1969 3242 2096 3284 non
2145 3220 2223 3285 ab
2272 3221 2589 3285 Arcadum
2638 3220 2744 3286 sed
2790 3245 2826 3286 a
2872 3221 3042 3288 Cim-

798 3337 1133 3402 meriorum
1181 3336 1363 3401 choro
1407 3335 1648 3422 prolata
1692 3357 1842 3400 esse.

797 3561 906 3628 Vs.
961 3555 1169 3627 1270.
1239 3561 1463 3626 κύδιστ’
1503 3562 1772 3640 Ἀχαιῶν
1804 3560 2059 3642 Ἀτρέως
2083 3561 2457 3641 πολυκοίρανε
2480 3560 2739 3639 μοίνθκνέ
2764 3586 2877 3640 μου
2904 3573 3036 3628 mr.

887 3674 1092 3739 Schol.
1141 3675 1215 3740 R.
1264 3676 1328 3739 ἐκ
1374 3674 1659 3754 Τηλέφου
1700 3674 2027 3753 Αἰσχύλου.
2074 3673 2280 3739 Schol.
2323 3672 2481 3737 Ven.
2520 3674 2912 3755 Ἀρίσταρχος
2935 3676 3040 3741 xxi

795 3789 1190 3861 Ἀπολλώνιος
1235 3786 1632 3868 ἐπισκέψκσθε
1692 3786 1859 3851 πόθεν
1921 3787 2044 3851 εἰσί.
2112 3787 2487 3866 Τιμαχίδκς
2534 3787 2597 3851 δὲ
2643 3788 2709 3851 ἐκ
2756 3789 3041 3871 Τηλέφου

798 3901 1127 3982 Αἰσχύλου.
1191 3901 1643 3975 Ἀσκληπιάδης
1689 3900 1753 3965 δὲ
1799 3897 1866 3975 ἐξ
1911 3900 2290 3980 Ἰφιγενείκς.
2344 3899 2445 3963 Fr.
2498 3902 2626 3963 234
2675 3900 2779 3979 N.,
2832 3905 2914 3965 92
2963 3901 3040 3965 D.

795 4014 1003 4081 Litem
1067 4015 1356 4080 dirimere
1404 4037 1528 4079 non
1573 4036 1921 4100 possumus
1973 4014 2343 4100 Suspicatus
2391 4021 2487 4078 est
2532 4012 2815 4079 Fritsche
2861 4014 3044 4080 verba

797 4129 1183 4215 Asclepiadis
1235 4127 1313 4193 ad
1358 4153 1445 4193 vs.
1505 4130 1671 4194 1273
1719 4127 2041 4195 referenda
2087 4151 2239 4208 esse,
2289 4127 2438 4212 quia
2482 4128 2551 4192 in
2597 4129 2818 4194 scholii
2864 4131 3046 4195 initio

797 4243 876 4308 de
920 4250 1191 4327 utroque
1235 4242 1371 4307 loco
1425 4242 1630 4329 (πόθεν
1672 4242 1821 4336 εἰσί)
1873 4242 2104 4327 agitur,
2146 4263 2308 4326 quae
2345 4249 2558 4306 tamen
2597 4241 2783 4307 nimis
2807 4242 3043 4309 incerta

797 4363 893 4422 est
949 4356 1327 4422 coniectura.
1390 4357 1494 4420 An
1550 4357 1619 4421 in
1674 4355 1948 4442 Telepho
1993 4355 2291 4441 Aeschyli
2333 4356 2789 4440 Agamemnoni
2836 4365 3041 4442 partes

793 4469 1032 4536 fuerint
1086 4492 1213 4536 non
1259 4469 1462 4556 liquet
1506 4492 1648 4534 cum
1694 4476 2141 4555 argumentum
2187 4469 2487 4534 dramatis
2530 4491 2657 4534 non
2705 4491 3028 4555 cognosca-

799 4607 959 4651 mus.
1018 4584 1168 4651 Non
1223 4585 1342 4650 nisi
1404 4591 1501 4650 ter
1545 4592 1945 4665 memoratur,
1991 4607 2029 4649 a
2072 4583 2439 4649 Timachida
2499 4583 2563 4648 h.
2610 4582 2676 4661 l.,
2724 4583 2800 4648 ab
2849 4587 3045 4672 Hesy-
