3875 5634
1807 798 2276 845 acnaansssns.
3080 785 3118 846 9

911 1018 952 1049 ,‚
972 972 1205 1035 hastam
1233 1019 1248 1034 .
1278 1019 1293 1034 .
1323 1019 1338 1035 .
1369 1017 1383 1032 .
1433 991 1609 1054 qnam
1654 991 1782 1033 enm
1827 968 2111 1033 ratmont
2153 968 2504 1032 remediatus
2544 964 2672 1033 «καθ’
2717 969 2868 1034 satis
2906 967 3167 1035 obscura

912 1091 1098 1162 sunt3
1149 1081 1262 1146 lux
1308 1080 1562 1146 demum
1609 1080 1868 1166 affulget
1916 1104 1951 1145 e
1999 1079 2202 1146 verbis
2247 1080 2568 1167 Euripidis
2612 1083 2681 1147 in
2728 1082 2803 1147 fr.
2850 1082 2961 1147 all.

1422 1201 1707 1274 πριστοῖσι
1754 1193 1992 1274 λόγχης
2034 1192 2323 1272 θέλγεται
2368 1194 2686 1274 ῥινήμασιν.

1004 1306 1140 1373 Iam
1178 1307 1507 1373 redeamus
1545 1306 1625 1372 ad
1666 1307 2164 1392 Aristophanem.
2206 1306 2281 1372 In
2315 1306 2971 1394 Thesmophoriazusis
2995 1332 3168 1374 socer
3213 1370 3220 1383 ,

912 1422 1242 1510 Euripidis
1280 1422 1443 1487 idem
1488 1420 1827 1486 committit
1865 1421 2105 1486 facinus
2143 1444 2213 1485 ac
2249 1420 2562 1507 Telephus
2591 1422 2850 1508 Hygini.
2890 1421 3162 1489 Circum·
3207 1388 3217 1497 l

913 1543 1140 1602 ventus
1201 1535 1281 1602 ab
1343 1535 1518 1600 iratis
1580 1533 1948 1600 mulieribus
1993 1535 2294 1600 infantem
2346 1538 2573 1619 (utrem
2621 1537 2774 1622 vini)
2826 1537 3013 1624 rapit,
3061 1537 3172 1601 mi·
3211 1516 3216 1541 ³

913 1651 1124 1715 nitans
1181 1674 1248 1714 se
1306 1671 1450 1714 eum
1497 1649 1844 1713 occisurum
1892 1672 1979 1713 vs.
2030 1653 2154 1713 639
2201 1671 2331 1735 sqq.
2384 1648 2608 1716 Verbis
2656 1651 2913 1736 tragicis
2959 1652 3171 1717 utitur
3222 1647 3226 1651 ’

912 1763 1377 1841 Mnesilochus;
1425 1762 1683 1850 parodia
1729 1769 1823 1828 est
1867 1763 2227 1843 manifesta3
2274 1764 2415 1849 quis
2452 1788 2596 1830 vero
2635 1773 2732 1830 est
2766 1765 2878 1850 qui
2925 1764 3014 1831 ibi
3054 1767 3172 1830 Ae·

911 1878 1106 1963 schyli
1169 1876 1557 1962 tragoediam
1610 1876 1830 1963 respici
1874 1876 2243 1963 suspicetur,
2291 1878 2461 1962 quod
2507 1886 2714 1943 tamen
2762 1880 2874 1944 fiat
2919 1902 3170 1946 necesse

913 1998 1007 2055 est
1054 1991 1107 2056 si
1150 1990 1350 2056 stabit
1396 1988 1738 2056 auctoritas
1781 1990 2143 2056 scholiastae
2190 1991 2346 2056 Ach.
2398 1994 2545 2056 332.

1004 2110 1094 2171 At
1140 2127 1445 2193 ponamus
1493 2127 1639 2170 cum
1687 2102 2026 2170 Ribbeckio
2073 2111 2138 2170 et
2183 2107 2248 2171 in
2296 2106 2587 2192 Aeschyli
2634 2114 2699 2172 et
2735 2107 2802 2173 in
2842 2108 3169 2195 Euripidis

913 2223 1194 2288 dramate
1253 2218 1601 2306 Telephum
1666 2218 1951 2284 Orestem
1998 2220 2293 2306 rapuisse,
2341 2220 2510 2304 quod
2554 2229 2765 2288 tamen
2813 2223 2997 2289 nullo
3044 2224 3170 2290 alio
3215 2230 3224 2243 '

911 2336 1323 2400 fundamento
1386 2341 1633 2420 praeter
1689 2333 1808 2398 hoc
1853 2336 2062 2419 ipsum
2106 2332 2410 2399 scholium
2460 2335 2710 2401 nititur.
2763 2336 2993 2402 Nonne
3035 2360 3171 2424 per-

915 2449 1143 2513 mirum
1212 2455 1309 2512 est
1377 2446 1789 2527 scholiastam,
1857 2469 2046 2531 quem
2114 2447 2229 2511 hoc
2288 2470 2411 2513 non
2473 2447 2719 2529 lateret,
2783 2450 3168 2536 Aeschylum

912 2563 1283 2641 nominasse,
1356 2560 1701 2647 Eurpidem
1766 2561 2017 2626 silentio
2083 2562 2513 2648 praeteriisse?
2592 2562 2731 2628 Imo
2802 2564 2972 2629 omni
3041 2567 3169 2631 veri

911 2677 1117 2764 specie
1178 2684 1368 2755 caret,
1418 2674 1920 2762 Dicaeopolidem
1968 2698 2087 2740 vss.
2115 2676 2488 2740 .325—346
2537 2676 2953 2761 Aeschyleum
2999 2676 3173 2745 Tele·

912 2791 1109 2878 phum
1171 2791 1560 2877 expressisse,
1625 2812 1767 2854 cum
1831 2797 1896 2854 et
1936 2791 2004 2854 in
2051 2789 2127 2855 iis
2170 2811 2331 2874 quae
2375 2791 2761 2877 praecedunt
2809 2793 2936 2858 317
2988 2801 3054 2858 et
3102 2792 3169 2858 in

912 2906 989 2971 iis
1054 2928 1221 2990 quae
1292 2912 1649 2990 sequuntur
1716 2906 2066 2968 359-555
2126 2926 2253 2970 non
2316 2904 2641 2989 Aeschylei
2687 2905 2794 2970 sed
2840 2905 3172 2994 Euripidei

913 3018 1170 3106 Telephi
1219 3027 1428 3106 partes
1474 3026 1639 3102 agat.

1003 3132 1453 3215 Quaerendum
1501 3139 1595 3196 est
1640 3133 1793 3216 quid
1831 3133 2024 3198 errori
2061 3156 2274 3199 ansam
2312 3133 2458 3198 dare
2498 3136 2800 3221 potuerit.
2851 3135 3170 3223 Scriptum

913 3249 1058 3327 fuit,
1105 3249 1172 3313 ni
1218 3246 1424 3324 fallor,
1470 3246 1537 3311 in
1575 3245 1841 3312 scholio:
1882 3248 1981 3313 τὸν
2020 3248 2440 3329 τραγῳδοποιόν
2479 3249 2614 3313 sine
2651 3256 2872 3334 poetae
2894 3251 3167 3316 nomine.

915 3360 1296 3426 Scholiastae
1354 3360 1422 3425 in
1482 3365 1693 3425 mente
1737 3360 1861 3425 fuit
1904 3360 2258 3447 Euripides,
2305 3362 2416 3446 qui
2460 3361 2610 3427 alibi
2653 3384 2910 3447 quoque
2954 3364 2983 3427 ὃ
3027 3389 3168 3446 τρα-

911 3476 1077 3554 γικός
1122 3474 1500 3562 appellatur,
1550 3496 1606 3538 v,
1654 3498 1706 3539 c.
1757 3474 1962 3540 Schol.
2010 3473 2089 3540 Il.
2129 3474 2226 3540 IV
2271 3478 2396 3541 249
2440 3476 2535 3559 (fr.
2575 3475 2730 3542 Eur.
2774 3479 2928 3562 345)
2966 3472 3168 3543 Philo.

912 3595 961 3652 t.
1024 3586 1116 3652 H.
1182 3610 1243 3673 p.
1313 3588 1461 3666 537,
1524 3588 1673 3667 887,
1739 3587 1835 3652 ed.
1896 3587 2166 3674 Mangey
2227 3596 2275 3655 t.
2332 3587 2425 3653 II.
2472 3611 2532 3675 p.
2586 3592 2689 3671 53,
2739 3593 2906 3669 469;
2954 3599 3172 3678 postea

910 3700 1073 3765 alius
1131 3701 1293 3785 quis,
1342 3701 1453 3786 qui
1503 3700 1718 3766 drama
1762 3700 2176 3788 Euripideum
2222 3724 2349 3767 non
2397 3710 2671 3782 noverat,
2722 3726 2950 3770 nomen
3000 3705 3172 3771 addi-

916 3813 1014 3879 dit
1059 3813 1372 3901 Aeschyli.

1002 3927 1319 4007 Ceterum,
1383 3927 1630 3993 collatis
1694 3928 2062 3995 Mnesilochi
2123 3928 2325 3994 verbis
2386 3930 2632 3998 Thesm.
2685 3935 2813 3997 998
2862 3955 3019 4019 sqq„
3069 3958 3173 4022 ap-

773 4098 781 4104 .
910 4050 1090 4129 paret
1147 4041 1640 4128 Aristophanem
1698 4042 1763 4108 in
1806 4042 2310 4110 Acharnensibus
2357 4067 2454 4110 res
2497 4045 2818 4111 imitatum
2865 4072 2996 4113 esse
3045 4072 3167 4116 non

910 4154 1114 4223 verba.
1166 4155 1273 4221 Τιὶ
1315 4155 1571 4234 μεγάλαι
1616 4155 1789 4231 πάθη
1830 4165 1939 4232 τῆς
1978 4158 2309 4240 τραγῳδίας
2348 4159 2675 4240 ὑποποιίζει.
2721 4169 2798 4225 nt
2821 4163 2912 4227 ait
2936 4162 3170 4244 Schol.,

912 4293 1040 4336 non
1107 4269 1453 4336 dictionem
1521 4270 1845 4355 tragicam.
1918 4271 2239 4359 Euripidis
2300 4273 2558 4338 fortasse
2617 4282 2713 4339 est
2774 4276 3048 4344 κατάθου
3104 4280 3172 4345 τὸ

910 4382 1105 4461 βέλος.
1171 4381 1568 4449 Vocabulum
1632 4382 1810 4462 βέλος
1854 4383 1950 4449 bis
1995 4394 2431 4471 praeterquam
2477 4387 2594 4453 hoc
2639 4387 2778 4455 loco
2823 4390 2891 4455 in
2918 4392 3171 4458 Aristo·

908 4498 1118 4585 phane
1184 4499 1456 4584 legitur:
1528 4497 1714 4586 Vesp.
1791 4502 1918 4564 615
1988 4498 2100 4565 ubi
2171 4500 2552 4581 Homerum;
2625 4504 2744 4569 Av.
2824 4506 2997 4570 1714
3059 4505 3171 4571 nbi

916 4612 1323 4698 Aeschylum,
1371 4621 1450 4679 nt
1490 4613 1761 4695 videtur,
1813 4614 2120 4680 imitatur.
