3875 5634
840 752 845 757 -
882 712 969 774 34
1268 728 1274 731 ·
1818 729 2103 790 somus.

724 908 729 911 ’
836 908 945 974 Vs.
996 902 1161 973 836.
1212 903 1254 971 ὦ
1301 911 1482 971 πᾶσιν
1525 908 1838 987 ἀνθρώποις
1881 907 2097 990 <paule
2142 910 2423 988 μέγιστον
2467 909 2789 992 ὠφέλημα.

928 1047 985 1088 v.
1050 1019 1449 1100 Herwerden‚
1512 1018 1694 1085 Stud.
1755 1018 1909 1086 Crit.
1971 1023 2040 1109 in
2093 1030 2259 1109 poet.
2324 1044 2409 1088 sc.
2474 1022 2584 1088 Gr.
2634 1047 2695 1110 p.
2747 1025 2826 1089 50
2877 1024 3095 1090 docuit

836 1140 905 1203 in
951 1136 1161 1202 codice
1211 1134 1621 1200 Ambrosiano
1665 1135 1966 1221 scriptum
2012 1159 2145 1201 esse
2184 1138 2362 1202 κοινὸν
2403 1136 2727 1218 ὠφέλημα,
2778 1136 2949 1222 quod
2974 1161 3097 1202 res-

837 1250 1074 1339 pondet
1119 1233 1217 1314 iis'
1244 1271 1407 1334 quae
1446 1247 1790 1314 Scholiasta
1824 1250 1892 1314 in
1929 1250 2243 1336 strophico
2278 1272 2462 1315 versu
2507 1252 2632 1317 756
2673 1250 2902 1337 legisse
2926 1250 3092 1316 vide·

834 1372 983 1429 tur:
1033 1359 1107 1428 ὧν
1151 1364 1213 1457 υἱΦ
1246 1364 1357 1441 μὲν
1400 1369 1555 1444 τρεῖς
1591 1336 1977 1444 ἆσυνᾶρτητοι
2015 1360 2084 1438 ἐξ
2119 1362 2409 1442 ἱαμβικοῦ
2448 1362 2717 1445 διμέτρου
2736 1364 3092 1438 duramn-

843 1478 946 1542 τόν
972 1525 988 1541 .
1015 1526 1030 1540 .
1060 1524 1076 1540 .
1104 1525 1121 1540 .
1185 1474 1291 1541 καὶ
1355 1478 1672 1556 τροχαιὶὶιοῦ
1731 1476 2136 1555 ἱθυφκλλικοῦ.
2204 1474 2625 1542 Confirmatur
2687 1476 2872 1541 lectio
2916 1479 3093 1542 κοινὸν

827 1591 980 1693 ‘loeo
1028 1588 1340 1674 Aeschyli,
1388 1587 1596 1654 Prom.
1649 1590 1777 1652 614
1822 1600 1949 1672 qu'o
1995 1588 2448 1675 Aristophanes
2493 1590 2798 1676 respexit:
2899 1632 2909 1643 ·

1366 1722 1409 1790 ὦ
1454 1727 1630 1791 κοινὸν
1673 1726 1975 1806 ὠφέλημαι
2020 1728 2301 1801 θνητοῖσιν
2347 1726 2574 1808 φανείς.
2611 1730 2618 1735 '

828 1883 835 1891 ·
933 1862 1083 1929 Non
1146 1863 1460 1927 consentit
1502 1863 1629 1947 -qui
1676 1862 1824 1927 huic
1868 1863 2076 1928 versui
2118 1865 2247 1927 836
2292 1862 2569 1928 scholion
2612 1862 2941 1927 metricum
2991 1861 3093 1926 ad-

842 1974 1109 2062 scripsit.
1158 1974 1503 2039 Contendit
1548 1974 1655 2039 ille
1699 1997 1817 2039 vss.
1866 1977 2215 2040 836-910
2266 1998 2478 2040 omnes
2516 1980 2911 2040 tetrametros
2946 1976 3092 2039 iam-

840 2086 1011 2152 bicos
1069 2085 1461 2152 catalecticos
1508 2110 1659 2153 esse.
1707 2085 2044 2153 Manifesto
2091 2110 2314 2154 errore.
2362 2090 2501 2153 Aut
2543 2087 2752 2153 codice
2795 2110 2952 2153 usus
2996 2094 3094 2152 est

837 2203 908 2267 in
973 2223 1101 2286 quo
1172 2202 1357 2266 metri
1422 2223 1608 2265 causa
1668 2224 1788 2266 vss.
1854 2203 1981 2267 837
2047 2208 2113 2266 et
2157 2205 2285 2268 838
2334 2224 2585 2288 quoque
2631 2203 2864 2267 mutati
2912 2209 3092 2275 erant

835 2322 950 2380 aut
1008 2314 1163 2380 alias
1223 2338 1320 2380 res
1381 2316 1593 2400 agenti
1653 2316 1933 2381 fraudem
1982 2317 2265 2382 fecerunt
2310 2340 2399 2382 vs.
2450 2318 2599 2398 836,
2648 2316 2759 2382 ubi
2808 2316 3091 2394 μέγιστον

833 2429 1010 2513 legit,
1060 2436 1124 2493 et
1167 2451 1257 2494 vs.
1310 2431 1437 2493 839
1488 2451 1621 2515 sqq.
1673 2428 1766 2493 Cf.
1796 2408 1973 2494 Aah.
2023 2432 2172 2495 881.

825 2667 945 2732 ·Vs.
996 2660 1160 2731 970.
1701 2665 1851 2730 ὑπαὶ
1901 2666 2216 2747 πτερύγων.

921 2777 1069 2845 Vid.
1119 2778 1199 2842 ad
1248 2780 1363 2843 Av.
1417 2780 1610 2842 1426.

832 3012 941 3078 Vs.
994 3006 1160 3079 973.
1594 3002 1822 3086 ἥδιστον
1869 3011 2027 3094 Φάος
2072 3011 2296 3093 ἡμέρας

1596 3148 1762 3188 εστ-αι
1808 3148 1928 3189 κτε.

920 3261 1125 3328 Schol.
1188 3267 1388 3326 ταῦτα
1452 3261 1514 3326 δὲ
1575 3262 1737 3342 παρὰ
1796 3261 1876 3326 τὰ
1934 3263 2258 3344 Εὐριπίδου.
2310 3264 2416 3327 An
2462 3283 2676 3327 verum
2725 3261 2810 3326 sit
2853 3268 2919 3325 et
2961 3282 3087 3345 quo

826 3374 1145 3458 pertineat
1212 3374 1545 3437 nescimus.
1610 3371 1694 3436 N.
1757 3381 1822 3436 et
1887 3371 1965 3437 D.
2029 3375 2097 3438 in
2157 3374 2523 3460 fragmentis
2563 3373 2641 3438 de
2690 3374 2809 3437 hoc
2853 3372 3087 3471 scholio

828 3484 989 3550 nihil
1037 3492 1523 3550 annotaverunt.

828 3704 938 3771 Vs.
1000 3698 1210 3769 1056.
1261 3706 1366 3770 scal
1406 3730 1472 3770 κε
1516 3706 1664 3784 γυνὴ
1709 3705 1867 3787 Φέροι
1910 3705 2118 3787 ἄχθος,
2165 3707 2295 3772 ἐπεί
2332 3731 2432 3772 κεν
2476 3707 2619 3788 ἀνὴρ
2662 3708 2897 3789 ἀναιδείῃ

1256 3818 1400 3882 ἀλλ’
1450 3819 1553 3883 οὐκ
1595 3817 1670 3883 ἂν
1719 3818 2084 3898 μαχέσαιτο.

911 3951 1098 4018 Teste
1148 3953 1494 4018 Scholiasta
1533 3978 1567 4017 e
1607 3976 1798 4039 parva
1838 3954 2056 4020 Iliade.
2082 3956 2559 4041 Colloquuntur
2584 3958 2859 4044 virgines
2884 3958 3094 4024 Troia-

821 4087 941 4130 nae
986 4066 1065 4131 de
1099 4065 1327 4151 Ulysse
1368 4074 1434 4130 et
1455 4067 1668 4132 Aiace.
1692 4067 1914 4132 Altera
1938 4070 2191 4134 Aiacem
2215 4069 2513 4135 laudibus
2539 4071 2716 4137 effert
2740 4074 2853 4157 qui
2879 4072 3094 4153 Achil·-

824 4176 907 4241 lis
966 4200 1191 4265 corpus
1253 4177 1539 4243 hostibus
1611 4180 1927 4265 eripuerat
1988 4187 2052 4246 et
2114 4181 2395 4247 humeris
2438 4191 2807 4267 gestaverat,
2854 4184 3088 4250 altera:

1192 4294 1317 4363 πῶς
1361 4291 1763 4372 ἐπεφωνήσως
1810 4297 1933 4365 πῶς
1980 4295 2043 4358 οὐ
2093 4294 2253 4358 κατὰ
2296 4294 2516 4372 κόσμον
2559 4293 2746 4370 ἔειπες

1195 4402 1451 4482 ψεῦδοςς

796 4510 1024 4575 deinde
1073 4513 1180 4578 xxi
1220 4539 1291 4578 κε
1339 4516 1507 4593 γυνή
1560 4516 1700 4582 κτὲ.
