3875 5634
815 662 942 725 174
1769 679 2002 726 uuaz.

773 857 879 923 Vs.
935 852 1141 921 1392.
1215 858 1386 936 μένος
1435 860 1568 922 θεῶν
1615 858 1730 939 γὰρ
1779 858 2053 931 Θάνατος
2097 862 2160 923 ού
2209 860 2392 940 δώρων
2438 862 2555 943 ἐρᾷ.

865 970 1072 1035 Schol.
1118 971 1185 1035 ἐκ
1231 971 1457 1048 Νιόβη-3·
1507 971 1832 1052 Αἰσχύλου.
1885 970 1989 1035 Fr.
2045 974 2189 1035 156.
2233 971 2557 1054 Consulto,
2590 979 2666 1038 ut
2704 974 2824 1039 iam
2862 973 3022 1039 vidit

776 1083 1078 1162 Fritsche,
1127 1083 1470 1169 Aeschylus
1517 1083 1685 1149 huuc
1731 1084 1942 1149 locum
1990 1084 2340 1172 Euripiden
2387 1086 2668 1173 opponit.
2716 1086 2795 1152 In
2844 1087 3022 1152 Anti-

775 1219 934 1282 gone
979 1197 1278 1262 laudatur
1323 1198 1532 1262 Suada
1578 1198 1682 1262 cui
1726 1220 1832 1262 ara
1879 1205 2232 1263 consecrata
2279 1207 2373 1264 est
2417 1200 2482 1264 in
2523 1200 2850 1265 hominum
2888 1201 3017 1266 ani-

778 1311 923 1374 mis:
992 1310 1096 1374 κοιὶ
1151 1311 1355 1388 βωμὸς
1399 1312 1588 1384 αὐτῆς
1635 1309 1758 1375 ἔστ)
1805 1312 1864 1375 ε’ν
1908 1312 2201 1392 ἀνθρώπου
2247 1312 2424 1393 Φύσει
2476 1313 2723 1399 (φρενίῖ>
2770 1312 3014 1399 Kock);

780 1424 1126 1510 Aeschylus
1175 1423 1250 1488 (le
1297 1424 1502 1489 Morte
1549 1425 1810 1503 dixerat,
1861 1425 1936 1489 fr.
1989 1425 2151 1489 156:
2201 1424 2373 1503 μόνος
2422 1427 2555 1490 θεῶν
2602 1426 2717 1507 γὰρ
2754 1426 3023 1499 Θοὶνοιτος

779 1540 840 1602 ού
885 1538 1066 1619 δώρων
1112 1540 1228 1620 ἐρᾷ,
1270 1537 1281 1628 Ι
1321 1537 1441 1602 οὐδ’
1502 1536 1575 1602 ἄν
1638 1563 1689 1602 τι
1737 1538 1876 1603 θύων
1925 1537 2044 1604 οὐδ’
2085 1539 2438 1605 ἐπισπένδων
2478 1538 2650 1613 οἴνοις,
2694 1537 2704 1629 Ι
2745 1539 2861 1606 οὐδ’
2900 1539 3022 1606 ἔστι

781 1651 1005 1728 βωμὸς,
1070 1652 1200 1715 οὐδὲ
1262 1650 1654 1732 παιωνίζετοιι·
1709 1648 1719 1741 Ι
1774 1651 1948 1729 μόνον
1995 1652 2057 1717 δὲ
2104 1654 2286 1717 Πειθὼ
2336 1653 2622 1731 δαιμόνων
2665 1655 3023 1720 ἀποστατεῖ.

783 1766 869 1827 At
938 1765 1242 1850 potuisset
1303 1765 1434 1851 ipse
1481 1765 1813 1850 Euripides
1862 1766 2129 1830 similem
2176 1768 2368 1832 citare
2417 1767 2647 1848 locum,
2696 1790 2838 1833 cum
2883 1768 3022 1833 Alc.

782 1882 861 1944 97
873 1880 910 1941 3
957 1878 1033 1942 dc
1079 1878 1226 1959 fato,
1275 1878 1315 1941 i.
1364 1900 1418 1943 e.
1466 1878 1543 1942 de
1590 1887 1790 1944 morte
1838 1880 2219 1965 scripsisset:
2268 1880 2456 1958 μόνοις
2502 1881 2556 1944 δ’
2598 1881 2716 1945 οὔτ’
2758 1880 2857 1946 ἐπὶ
2899 1882 3023 1960 βω-

781 1992 928 2070 μοὺς
969 1988 979 2080 Ι
1019 1993 1202 2057 ἐλθεῖν
1251 1992 1380 2056 οὔτε
1425 1991 1644 2072 βρέτοις
1692 1996 1825 2065 θεὶς
1867 1990 1877 2082 Ι
1920 1993 2096 2066 ἔστιν,
2144 1996 2206 2058 ού
2254 1993 2534 2075 σφαγίων
2579 1994 2758 2060 κλύει.

787 2218 894 2282 Vs,
949 2209 1157 2279 1400.
1232 2216 1490 2294 βέβληκ’
1538 2218 1867 2296 Ἀχιλλεὺς
1912 2216 2012 2281 δύο
2052 2216 2219 2294 κύβω
2265 2215 2364 2281 καὶ
2411 2217 2688 2299 τέτταρσι.

874 2330 970 2394 Dc
1025 2330 1212 2394 huius
1255 2352 1469 2393 versus
1512 2328 1653 2393 sede
1702 2331 1823 2393 iam
1873 2328 2299 2394 dissenserunt
2345 2338 2583 2395 veteres
2632 2333 3022 2417 interpretes,

787 2444 1092 2524 Fuerunt,
1142 2450 1210 2508 ut
1259 2467 1291 2507 e
1339 2442 1590 2507 scholiis
1628 2429 1904 2529 apparet,
1945 2442 2053 2527 qui
2094 2442 2391 2528 Telepho,
2429 2443 2838 2524 Philoctetae,
2863 2445 3033 2531 Iphi-

788 2559 1007 2642 geniae
1069 2557 1217 2621 Aul.
1284 2560 1465 2641 (quae
1529 2556 1809 2621 nondum
1866 2557 2047 2620 docta
2094 2558 2247 2639 erat)
2293 2565 2408 2621 aut
2454 2558 2569 2643 ipsi
2621 2558 3029 2645 Aristophani

789 2669 1146 2735 tribuerint.
1195 2669 1247 2733 E
1293 2670 1652 2735 testimonio
1691 2677 1898 2734 tamen
1944 2668 2315 2750 Aristarchi,
2358 2669 2525 2753 quod
2561 2672 2827 2736 servavit
2850 2671 3033 2737 Scho-

787 2784 988 2865 liasta,
1036 2792 1100 2849 et
1147 2806 1181 2848 e
1246 2784 1394 2848 locis
1458 2782 1710 2848 Zenobii
1770 2791 1835 2847 et
1897 2783 2236 2862 Eustathii,
2301 2806 2336 2846 a
2392 2784 2682 2849 Nauckio
2728 2792 2792 2850 et
2838 2784 3029 2850 Dind.

790 2899 1016 2976 allatis,
1087 2897 1418 2962 verisimile
1485 2897 1558 2961 fit
1625 2876 1872 2961 {versum
1947 2899 2115 2960 1400
2188 2896 2254 2960 in
2319 2897 2432 2962 hac
2496 2898 2815 2983 tragoedia
2881 2898 3032 2964 olim

791 3013 1026 3078 lectum
1080 3012 1270 3076 fuisse
1331 3010 1437 3074 sed
1498 3018 1713 3097 postea
1758 3009 1834 3074 ab
1881 3010 2013 3095 ipso
2060 3010 2319 3075 fortasse
2365 3009 2669 3097 Euripide
2718 3018 3032 3076 mutatum

791 3148 921 3190 esse
981 3123 1061 3189 ob
1122 3124 1494 3189 comicorum
1555 3122 1891 3210 parodiam.
1954 3121 2088 3187 Iam
2153 3122 2416 3210 Eupolis
2473 3131 2631 3188 teste
2679 3124 3032 3203 scholiasta,

794 3237 987 3303 Mein.
1037 3236 1107 3302 II
1160 3240 1318 3302 566:

1232 3348 1597 3432 οὶποφθοιρέις
1642 3348 1704 3415 δὲ
1752 3348 1851 3415 δύο
1896 3348 2061 3427 κύβω
2109 3348 2212 3415 καὶ
2260 3349 2536 3430 τέτταρα.

796 3578 905 3644 Vs.
959 3569 1165 3640 1402.
1238 3574 1613 3655 σιδηροβριθές
1657 3576 1712 3638 τ’
1755 3572 1943 3651 ἔλκβε
1992 3570 2154 3655 δεξιᾷ
2200 3570 2392 3647 ξύλον.

887 3690 1093 3755 Schol.
1153 3691 1216 3753 ἐκ
1274 3687 1618 3767 Μελεάγρου
1665 3688 1797 3766 Εύρ.
1850 3684 2182 3750 Welckero
2229 3684 2321 3748 II.
2370 3708 2430 3771 p.
2486 3687 2611 3750 758
2661 3684 2910 3750 videtur
2960 3685 3040 3750 de

798 3804 1113 3888 Meleagro
1162 3803 1419 3882 dic-tum,
1467 3801 1825 3865 Thestiadas
1872 3822 2176 3884 aggresso,
2226 3800 2333 3883 qui
2385 3799 2716 3864 Atalantae
2768 3800 2900 3885 apri
2943 3822 3039 3863 co-

801 3919 966 3983 rium
1013 3917 1246 4002 eripere
1293 3915 1648 3979 voluerunt.

803 4143 912 4211 Vs.
971 4136 1174 4206 1403.
1245 4143 1343 4223 ἐφ’
1389 4138 1654 4222 ἅρματος
1700 4139 1814 4220 γὰρ
1860 4137 2027 4219 θέρμοι
2076 4136 2178 4202 xx}
2229 4140 2394 4218 νεκρῷ
2443 4138 2649 4219 νεκρός.

894 4257 1097 4322 Schol.
1138 4259 1202 4321 ἐκ
1254 4254 1518 4319 Γλαύκου
1559 4254 1919 4340 (Ποτνιέως)
1953 4252 2277 4331 Αἰσχύλου.
2308 4250 2403 4316 De
2429 4258 2795 4334 argumento
2819 4272 3038 4337 parum

805 4377 1064 4436 constat.
1121 4368 1216 4433 De
1262 4366 1498 4432 Glauco
1544 4365 1785 4431 Probus
1830 4364 1909 4430 ad
1958 4364 2137 4450 Virg.
2189 4363 2412 4449 Georg.
2462 4364 2571 4429 III
2621 4369 2784 4430 266:
2834 4365 3038 4442 „Pot-

805 4486 910 4550 m'a
956 4492 1042 4549 est
1086 4485 1222 4549 urbs
1267 4482 1562 4561 Boeotiae,
1608 4481 1708 4545 ubi
1762 4482 2023 4545 Glaucus
2076 4480 2311 4565 Sisyphi
2342 4479 2523 4564 filius
2566 4486 2623 4543 et
2665 4479 2933 4563 Meropes
2971 4485 3041 4543 ut
