3875 5634
1786 696 2252 744 Acuannnusm.
3014 678 3092 745 19

988 864 1236 931 Thesm.
1285 867 1409 932 471
1459 865 1617 941 ὅμως
1661 867 1778 932 δ’ἑν
1819 868 2146 942 ἀλλήλαισι
2188 868 2304 949 χρὴ
2351 869 2540 934 δοῦναι
2592 868 2784 946 λόγον,

1456 981 1643 1047 αὑταιὶ
1687 981 1803 1064 γάρ
1851 983 2030 1060 ἐσμεν
2074 983 2317 1061 κούδεμί
2327 983 2343 1003 ’
2389 982 2612 1065 ἐκφορὰ
2649 983 2849 1061 λόγου.

1082 1095 1241 1161 Aeli.
1294 1098 1417 1161 501
1468 1096 1584 1176 ἐγὼ
1629 1097 1692 1162 δὲ
1736 1093 1887 1172 λέξω
1935 1097 2091 1163 δειναὶ
2139 1099 2250 1176 μὲν
2297 1097 2493 1164 δίκαιαι
2537 1097 2616 1162 δέ.

1289 1212 1416 1276 504
1462 1211 1633 1278 αὐτοὶ
1679 1212 1795 1294 γάρ
1840 1213 2022 1291 ἐσμεν
2044 1261 2237 1277 .....

1454 1325 1646 1391 κοῦπω
1693 1322 1837 1401 ξένοι
1880 1325 2139 1407 πάρεισιν
2166 1375 2182 1391 .
2211 1375 2225 1391 .
2256 1375 2272 1391 .
2302 1375 2316 1390 .

1286 1441 1406 1505 507
1453 1438 1599 1505 ἀλλ’
1653 1441 1834 1518 ἐσμὲν
1880 1440 2054 1505 αὐτοί
2084 1489 2323 1505 ......

904 1553 1106 1639 Rogat
1155 1564 1453 1641 uterque:
1500 1578 1577 1621 an
1626 1578 1897 1642 aequum
1944 1563 2038 1621 est
2084 1578 2198 1621 nos
2243 1555 2308 1621 in
2357 1555 2644 1621 inimicos
2689 1554 2945 1621 invehi?

992 1667 1239 1734 Thesm.
1288 1672 1416 1736 473
1464 1672 1526 1735 τί
1564 1672 1736 1736 ταῦτ’
1785 1670 2031 1752 ἔχουσαι
2078 1672 2275 1737 ’κεῖνον
2319 1668 2685 1749 αἱτιώμεθαις

1081 1783 1238 1850 Ach.
1292 1787 1418 1849 514
1462 1787 1524 1850 τί
1564 1792 1765 1852 ταῦτα
1809 1786 1944 1860 τοὺς
1991 1786 2285 1860 Λάκωνας
2329 1783 2698 1864 αἱτιώμεθας

993 1898 1294 1985 Sequitur
1352 1901 1736 1966 enumeratio
1799 1900 2177 1987 flagitiorum
2244 1899 2308 1965 in
2363 1899 2596 1986 quibus
2638 1905 2966 1964 versantur
3012 1921 3145 1964 mu·

903 2015 1106 2094 lieres,
1146 2014 1394 2081 Thesm.
1431 2019 1802 2098 476-516,
1844 2025 1909 2083 et
1945 2016 2288 2082 facinorum
2329 2037 2490 2100 quae
2523 2021 2929 2101 patraverunt
2952 2013 3142 2079 Athe·

902 2132 1168 2210 nienses,
1240 2130 1400 2196 Ach.
1469 2134 1816 2196 515-554
1836 2159 1853 2210 3
1917 2132 2101 2197 finem
2167 2131 2317 2196 facit
2376 2130 2687 2196 sententia
2748 2153 2781 2194 e
2838 2127 3142 2217 Telepho:

903 2245 1084 2311 Nihil
1130 2252 1225 2311 est
1268 2245 1437 2332 quod
1484 2267 1838 2332 queramur,
1880 2246 2023 2332 jure
2068 2245 2422 2332 plectimur,
2468 2243 2713 2309 Thesm.
2768 2245 3141 2322 518—519,

903 2362 1061 2428 Ach.
1116 2364 1483 2428 555—556.
1531 2362 1609 2429 In
1651 2362 1869 2428 multis
1914 2363 2109 2449 igitur
2148 2363 2300 2428 haec
2337 2362 2714 2448 conspirant.
2754 2359 2964 2426 Aliam
3003 2381 3146 2426 cau-

901 2500 1029 2542 sam
1090 2454 1232 2563 agit·
1281 2475 1694 2563 Dicaeopolis,
1742 2476 1924 2542 aliam
1975 2476 2418 2557 Mnesilochus,
2468 2476 2575 2541 s‘ed
2623 2475 2958 2561 utriusque
3005 2497 3136 2540 ora·

902 2592 1094 2658 tionis
1139 2591 1304 2657 idem
1352 2599 1447 2658 est
1492 2591 1759 2657 schema.

992 2704 1171 2787 Quae
1232 2714 1441 2773 autem
1506 2706 1698 2772 huius
1759 2728 2091 2772 consensus
2146 2728 2328 2771 causa
2373 2703 2541 2771 fuit?
2581 2703 2787 2771 Maior
2832 2706 2999 2771 enim
3045 2712 3141 2771 est

902 2841 1089 2906 quam
1136 2842 1296 2905 quae
1343 2821 1511 2886 casui
1560 2820 1755 2887 tribui
1799 2821 2015 2907 possit.

988 2934 1389 3001 Alterutrum
1437 2941 1787 3002 statuamus
1829 2958 2076 3002 necesse
2120 2944 2248 3001 est:
2293 2943 2404 3002 aut
2446 2934 2720 3022 pendere
2767 2933 3140 3001 Mnesilochi

902 3049 1248 3116 orationem
1315 3050 1393 3115 ab
1454 3051 1734 3116 oratione
1789 3049 2272 3138 Dicaeopolidis,
2329 3059 2440 3116 aut
2499 3048 2752 3115 fluxisse
2811 3055 3143 3136 utramque

902 3188 936 3230 e
969 3163 1286 3230 communi
1323 3165 1512 3231 fonte.
1555 3163 1842 3246 Quarum
1880 3163 2248 3253 opinionum
2290 3164 2443 3230 haec
2463 3162 2622 3229 mihi
2644 3164 2850 3228 verior
2871 3164 3138 3229 videtur.

990 3277 1255 3345 Minime
1311 3301 1471 3366 nego
1525 3287 1772 3366 poetam
1819 3279 1886 3346 in
1932 3279 2115 3345 initio
2161 3277 2409 3344 Thesm.
2455 3300 2520 3344 se
2567 3278 2769 3365 ipsum
2818 3277 3138 3343 imitatum

901 3416 1030 3459 esse
1046 3420 1064 3472 ς
1137 3393 1301 3459 inter
1365 3393 1680 3480 colloquia
1749 3394 1915 3459 enim
1976 3391 2300 3480 Euripidis
2357 3399 2422 3457 et
2482 3390 2834 3477 Agathonis
2892 3390 3139 3457 Thesm.

905 3510 1232 3587 89—265,
1289 3506 1748 3595 Dicaeopolidis
1793 3515 1858 3574 et
1902 3508 2232 3596 Euripidis
2279 3506 2434 3572 Ach.
2484 3507 2833 3572 394-—479
2882 3506 3145 3572 interce‘-
3241 3596 3246 3601 ἱ

901 3621 1000 3688 dit
1042 3621 1409 3688 similitudo.
1459 3621 1729 3688 Videtur
1775 3622 1926 3688 haec
1964 3645 2144 3688 scena
2185 3620 2667 3687 Atheniensium
2711 3620 3002 3707 plausum
3045 3626 3142 3685 tu·

899 3737 1049 3803 iisse
1109 3742 1174 3802 et
1232 3736 1351 3823 ipsi
1410 3743 1629 3823 poetae
1687 3737 1778 3801 ita
1823 3736 2135 3825 placuisse
2181 3742 2257 3800 ut
2299 3737 2494 3800 risum
2540 3757 2835 3800 renovare
2879 3756 3008 3801 non
3053 3757 3143 3800 as·

899 3857 1289 3938 pernaretur.
1349 3853 1439 3915 At
1497 3850 1651 3936 quid
1696 3860 1791 3917 est
1834 3852 2004 3937 quod
2051 3852 2116 3917 in
2167 3853 2432 3917 oratioue
2475 3872 2662 3936 quam
2713 3848 3141 3915 Mnesilochus

902 3963 1144 4044 habuit,
1214 3962 1570 4029 imitaretur
1640 3965 1823 4030 verba
1893 3964 2372 4051 Dicaeopolidis,
2442 3964 2596 4049 quin
2666 3964 2852 4030 etiam
2921 3962 3140 4028 iisdem

900 4078 1127 4166 passim
1189 4084 1474 4144 uteretur
1529 4078 1775 4144 verbis?
1838 4079 1927 4145 Iis
1973 4081 2160 4160 enim,
2208 4101 2368 4165 quae
2411 4080 2743 4163 utriusque
2789 4078 3143 4143 communia

898 4200 1050 4260 sunt
1095 4215 1217 4259 non
1263 4193 1597 4278 singularis
1632 4194 1794 4259 inest
1832 4195 1925 4260 vis
1966 4196 2222 4261 comica.
2272 4195 2481 4260 Omnia
2521 4202 2726 4259 contra
2749 4194 2948 4276 plana
2968 4195 3143 4279 fiunt

897 4310 954 4374 ei
1012 4309 1267 4374 conicere
1323 4310 1463 4373 licet
1516 4331 1640 4387 non,
1674 4332 1787 4375 sua
1836 4312 2024 4393 ipsius
2071 4314 2242 4377 verba
2289 4311 2585 4375 imitatum
2630 4330 2753 4373 esse
2798 4310 3142 4391 Aristopha-

898 4445 1029 4489 nem
1078 4426 1185 4488 sed
1242 4423 1568 4508 Euripidis,
1628 4432 1689 4489 et
1747 4426 1812 4489 in
1856 4427 2134 4506 versibus,
2181 4448 2322 4512 quos
2366 4426 2483 4489 iam
2527 4424 2857 4503 citavimus,
2903 4424 3143 4489 delita-

893 4561 1020 4604 σενα
1061 4539 1401 4619 concionem,
1448 4563 1624 4625 quam
1671 4540 1953 4623 Telephus
1997 4542 2315 4607 habiturus
2351 4540 2727 4623 ylariabatur
2740 4565 2762 4602 .-
