3875 5634
1611 779 1860 824 enetos
1907 779 1975 824 m
2021 779 2283 825 meum.
2900 764 3028 826 218

832 950 1132 1036 Largum,
1178 950 1257 1015 cs.
1306 973 1364 1014 v.
1417 947 1734 1028 Staveren,
1781 946 1984 1033 Myth.
2029 945 2172 1012 Lat.
2220 970 2281 1035 p.
2326 950 2472 1025 123,
2511 947 2621 1032 qni
2661 946 2876 1034 Comp.
2902 948 3074 1013 Med.

829 1056 990 1118 206:
1057 1051 1220 1132 „Ad
1282 1051 1578 1116 luxatum
1641 1072 1824 1115 omne
1869 1056 1934 1114 et
1978 1050 2242 1114 eiectum
2293 1056 2359 1113 et
2401 1050 2743 1135 repositum
2789 1049 3079 1114 articula-

824 1205 865 1234 „
882 1162 1170 1220 mentum
1236 1151 1606 1218 benefacit.''
1655 1154 1744 1216 At
1788 1152 1897 1236 qni
1944 1148 2245 1215 Scribonii
2287 1149 2475 1235 Largi
2518 1151 2772 1216 nomine
2815 1151 3077 1215 circum·

824 1257 1024 1322 fertur
1069 1254 1229 1320 liber
1277 1252 1389 1318 diu
1433 1260 1577 1340 post
1623 1275 1768 1317 eum
1816 1254 2085 1339 scriptus
2130 1258 2193 1317 et
2230 1275 2264 1316 e
2303 1251 2557 1316 Graecis
2592 1260 2922 1338 excerptus
2943 1274 3074 1317 esse

825 1358 1093 1422 videtur.

913 1456 1280 1522 Nonnullos
1361 1456 1486 1521 iam
1554 1460 1739 1521 antes
1808 1455 2241 1520 indicaverunt
2306 1455 2422 1520 viri
2490 1455 2658 1520 docti
2726 1454 2895 1520 locos
2963 1455 3075 1539 qni

829 1558 1099 1623 Graecae
1160 1580 1311 1645 prae
1372 1581 1438 1622 se
1495 1558 1707 1622 serunt
1752 1556 2011 1641 originis
2055 1557 2249 1641 signs,
2297 1556 2374 1620 cf.
2424 1554 2712 1635 Bursian,
2758 1554 2978 1620 Jahrb.
3030 1555 3072 1620 f.

827 1658 921 1724 Cl.
991 1659 1147 1745 phil.
1222 1661 1393 1723 1866
1454 1681 1514 1744 p.
1568 1660 1715 1723 784.
1778 1655 2161 1722 Notissimns
2206 1666 2302 1722 est
2346 1659 2458 1742 qui
2501 1657 2736 1742 legitur
2773 1655 2897 1722 fab.
2947 1659 3072 1722 186

825 1810 866 1840 „
887 1759 1293 1846 Melanippen
1365 1758 1726 1824 Desmontis
1799 1756 2029 1823 filiam”
2104 1756 2213 1822 nbi
2275 1766 2450 1845 pater
2512 1758 2621 1823 ille
2680 1757 3072 1837 Desmontes,

827 1867 902 1924 ut
946 1859 1106 1925 vidit
1154 1860 1435 1946 Wagner
1482 1861 1547 1925 in
1596 1858 1698 1924 Fr.
1744 1858 1868 1940 Tr„
1917 1882 1952 1924 e
1997 1859 2232 1924 Graeco
2276 1859 2565 1938 δεσμῶν-ις
2608 1866 2797 1924 natus
2845 1870 2959 1924 est.

916 1960 1046 2042 Qui
1109 2012 1150 2042 „
1170 1963 1511 2027 Desmontis
1557 1961 1799 2047 filiam''
1846 1969 1911 2025 et
1957 1965 2171 2046 „quod
2207 1986 2335 2026 cum
2389 1964 2730 2026 Desmontes
2768 1960 3075 2026 rescisseff'

831 2064 1080 2150 scripsit
1127 2064 1387 2128 fortasse
1432 2085 1558 2128 non
1604 2064 1736 2147 ipse
1783 2062 2021 2127 Graeco
2067 2061 2229 2126 libro
2275 2084 2424 2127 nsns
2470 2069 2565 2126 est
2609 2061 2717 2126 sed
2763 2061 2992 2128 Latino
3039 2086 3074 2128 ε

829 2163 1067 2230 Graeco
1108 2164 1429 2243 translato,
1468 2166 1530 2229 in
1572 2185 1698 2247 qno
1735 2186 1961 2227 nomen
2000 2162 2149 2227 Mel.
2189 2162 2502 2228 Desmotis
2538 2173 2852 2228 servatum
2892 2171 3072 2228 esset.

914 2264 1138 2330 Liceat
1182 2287 1413 2352 pancos
1457 2264 1705 2329 addere.

916 2463 1065 2529 Fab.
1136 2467 1239 2542 15,
1301 2486 1462 2549 quae
1527 2463 1898 2529 Lemniades
1940 2464 2239 2549 inscripta
2282 2471 2397 2541 est,
2441 2463 2713 2547 legitur:
2760 2512 2800 2543 „
2821 2465 3071 2528 Interim

827 2571 1268 2648 „At-qonautae
1318 2567 1825 2649 praenaniyantes
1885 2565 2094 2629 Lemno
2152 2566 2470 2650 (Lemnum.
2531 2564 2762 2646 Bunte)
2824 2588 3072 2629 accesse-

828 2676 1049 2745 ,‚runt.
1096 2690 1238 2751 quos
1283 2654 1352 2731 ut
1398 2668 1551 2730 vidit
1595 2666 1841 2748 Iphinoe
1885 2673 2077 2730 custos
2105 2674 2312 2748 portae
2349 2666 2660 2730 nunciavit
2704 2666 3075 2750 Hypsipylae

826 2769 1139 2850 „reyinae,
1201 2768 1301 2832 cui
1360 2767 1589 2852 Polyxo
1644 2774 1844 2831 aetate
1901 2767 2223 2832 constitum
2279 2767 2440 2831 dedit
2498 2767 2806 2832 consilium
2869 2776 2938 2832 ut
2983 2790 3075 2832 eos

827 2870 1115 2947 „laribus
1156 2868 1549 2950 hospitalibus
1592 2868 1873 2948 obliyaret
1915 2868 2274 2952 hospitioque
2319 2868 2620 2932 invitaret.
2669 2865 2821 2932 cet.”

917 2968 1091 3034 Haec
1140 2976 1435 3054 corrupta
1478 2966 1718 3032 iudicat
1755 2966 2059 3032 Schmidt.
2095 2966 2342 3032 Conieit
2376 2968 2624 3051 Iphinoe
2657 2975 2850 3032 custos
2868 2975 3076 3050 portae

827 3073 1153 3136 constituta
1196 3068 1537 3153 legendum
1586 3091 1717 3132 esse
1762 3076 1827 3132 et
1869 3069 2036 3132 inter
2077 3077 2277 3134 aetate
2317 3076 2381 3133 et
2425 3071 2588 3134 dedit
2626 3068 2934 3134 nonnulla
2976 3091 3075 3134 ex-

829 3172 1066 3237 cidisse.
1114 3169 1237 3235 Cui
1283 3192 1406 3234 non
1453 3171 1773 3236 assentior.
1821 3176 2090 3247 „Aetate
2129 3170 2493 3235 constituld'
2542 3169 2762 3234 vitiosa
2808 3177 2903 3233 est
2947 3192 3076 3235 ver·

829 3273 920 3338 sio
986 3270 1315 3337 verborum
1389 3269 1770 3335 Graecorum
1839 3270 2070 3342 ἡλικίαις
2135 3270 2560 3344 καθεστηκυίας
2626 3269 2856 3355 quibus
2900 3280 3070 3336 aetas

827 3381 1105 3439 constans
1151 3372 1567 3456 significatur.
1614 3370 1768 3435 Erat
1809 3393 2014 3435 revera
2068 3369 2320 3456 Polyxo,
2368 3393 2530 3455 qnae
2574 3371 2852 3436 multum
2897 3371 3069 3458 apud

829 3474 1103 3559 reginam
1167 3474 1544 3538 auctoritate
1603 3470 1868 3549 valebat,
1929 3478 2134 3536 aetate
2189 3474 2558 3558 provectior,
2622 3473 2789 3558 quod
2849 3473 3069 3539 sedulo

831 3580 1213 3639 monuerunt
1260 3573 1492 3658 quide
1540 3573 1925 3656 Argonautis
1968 3573 2365 3659 scripserunt.

918 3769 1069 3837 Fab.
1137 3775 1220 3836 56
1278 3773 1415 3850 „In
1475 3777 1733 3854 Aegypto
1793 3776 1961 3853 apud
2012 3773 2345 3837 Busiridem
2390 3774 2663 3856 Neptuni
2691 3775 2899 3858 filium
2941 3797 3071 3838 eum

829 3881 1034 3952 „esset
1087 3873 1427 3937 sterilitas
1488 3870 1675 3936 nihili
1722 3880 1834 3936 est.
1885 3871 2118 3937 Graece
2161 3873 2461 3959 scriptum
2501 3882 2634 3938 erat
2677 3873 2777 3939 ἐπὶ
2823 3874 3070 3955 Βουσίρι-

830 3975 943 4048 δος,
993 3982 1245 4057 tempore
1287 3974 1617 4040 Busiridis.

921 4169 1070 4235 Fab.
1125 4172 1204 4235 57
1252 4193 1378 4236 non
1429 4170 1692 4236 fortuito
1735 4193 1881 4236 casu
1925 4171 2215 4237 accidisse
2260 4173 2510 4237 videtur
2562 4179 2633 4236 nt
2680 4170 2862 4236 verba
2909 4173 3074 4256 „qui

829 4295 1014 4350 „cum
1063 4274 1430 4337 concumbere
1473 4296 1600 4337 cum
1646 4297 1715 4337 ea
1762 4273 2062 4351 noluisset,
2112 4274 2226 4338 illa
2270 4274 2396 4338 viro
2437 4296 2543 4338 suo
2588 4276 2834 4337 mentita
2878 4282 2967 4337 est
3011 4296 3074 4338 se

829 4375 961 4452 „ab
1006 4396 1068 4436 eo
1111 4372 1553 4457 compellalam'’
1602 4395 1794 4460 prope
1837 4374 2072 4438 distent
2114 4397 2150 4437 a
2196 4373 2402 4439 Schol.
2452 4373 2613 4439 Rau.
2667 4375 2835 4437 1043
2883 4368 2947 4438 οὗ
2983 4373 3071 4451 μὴ

828 4473 1219 4547 ὑπακούοντος
1283 4475 1703 4553 κατεψεύσατο
1760 4476 1897 4553 πρὸς
1954 4476 2051 4540 τὸν
2109 4475 2251 4540 ἴδιον
2295 4474 2476 4556 ἄνδρα
2522 4483 2762 4556 Προῖτον
2809 4476 2883 4547 ὥς
2929 4474 3072 4552 βιω-

828 4573 1067 4655 ζσμένη.
1115 4574 1171 4640 Ε
1216 4576 1554 4654 communi,
1601 4577 1840 4661 opinor,
1885 4575 2206 4641 fluxerunt
2251 4576 2442 4641 fonte.
