3875 5634
1764 813 2234 867 Acuaaswsus.
3044 792 3076 856 7

872 988 1129 1071 suisque
1183 984 1460 1050 numeris
1507 991 1691 1070 poeta
1740 1005 1888 1048 usus
1936 989 2048 1047 est.
2086 982 2142 1046 E
2181 978 2596 1066 sequentibus
2636 981 2837 1045 afferri
2862 989 3124 1066 possunt

876 1101 1150 1165 carmina
1200 1098 1444 1163 chorica
1482 1099 1608 1160 359
1657 1119 1788 1180 sqq.
1842 1099 1953 1177 (vs.
2005 1098 2131 1158 362
2180 1117 2433 1180 quoque
2474 1094 2741 1158 colorem
2782 1093 2971 1157 habet
3008 1103 3127 1156 tra-

876 1212 1133 1297 gicum),
1200 1214 1329 1274 388
1378 1232 1533 1293 sqq„
1584 1230 1847 1293 quorum
1898 1216 2164 1272 metrum
2213 1208 2647 1273 dochmiacum
2697 1214 2910 1272 utrum
2957 1230 3132 1294 paro·

876 1326 1017 1391 diae
1064 1349 1146 1391 an
1191 1322 1694 1411 paratragoediae
1741 1322 2039 1388 indicium
2089 1324 2190 1401 sit,
2238 1344 2364 1388 uon
2411 1322 2634 1407 liquet.

880 1551 989 1617 Vs.
1040 1546 1182 1615 325
1235 1573 1369 1636 sqq.
1950 1548 2092 1614 Dic.
2136 1546 2419 1631 δήξομᾶρ’
2470 1550 2633 1629 ὑμᾶς
2678 1550 2816 1627 ἐγώ·

1225 1667 1638 1731 ἀνταποκτενῶ
1683 1664 1798 1745 γὰρ
1845 1664 2006 1742 ὑμῶν
2050 1667 2164 1728 τῶν
2207 1663 2400 1745 Φίλων
2443 1665 2578 1736 τοὺς
2616 1663 2966 1744 (Dim-drove.
3008 1664 3129 1729 κτὲ.

971 1780 1451 1867 Aggrediuntur
1515 1779 1943 1843 Acharnenses
2000 1776 2504 1864 Dicaeopolidem
2567 1800 2655 1841 vs.
2715 1779 2865 1858 325,
2914 1784 2981 1842 at
3028 1776 3135 1842 ille

883 1897 949 1961 in
1009 1917 1326 1960 summum
1371 1893 1682 1958 adductus
1725 1892 2096 1980 periculum,
2145 1892 2255 1977 qui
2303 1890 2575 1957 inimicis
2625 1892 2979 1957 carissimus
3024 1899 3136 1970 ost,

882 2012 980 2076 τὸν
1038 2009 1248 2090 λάρκον
1308 2007 1529 2093 arripit
1589 2005 1992 2091 obsidemque
2056 2006 2334 2071 occidere
2397 2007 2674 2071 minatur
2721 2006 2843 2071 nisi
2888 2006 3138 2091 incepto

884 2123 1210 2188 desistant.
1250 2121 1593 2187 Scholiasta
1632 2121 1780 2185 haec
1818 2119 2062 2186 scribit:
2102 2121 2185 2185 τὰ
2224 2121 2287 2186 δὲ
2326 2119 2582 2198 μεγάλα
2621 2118 2794 2194 πάθη
2836 2119 3142 2201 ὑποποιίζει

883 2245 992 2312 τῆς
1058 2236 1427 2318 τραγῳδίαις,
1498 2232 1627 2299 ἐπεὶ
1694 2233 1798 2298 καὶ
1870 2235 1897 2297 ὁ
1969 2236 2254 2314 Τήλεφος
2321 2233 2485 2297 κατὰ
2554 2235 2653 2298 τὸν
2722 2231 3143 2314 τραγῳδοποιὸν

887 2350 1214 2430 Αἰσχύλον,
1279 2346 1373 2413 ἵνοι
1434 2348 1596 2428 τύχῃ
1660 2347 1825 2428 παρὰ
1878 2355 2002 2420 τοῖς
2051 2345 2310 2420 Ἕλλησι
2356 2347 2664 2427 σωτηρίκς,
2711 2347 2810 2411 τὸν
2857 2346 3142 2427 Ὀρέστην

884 2461 1017 2546 εἶχε
1059 2463 1399 2541 συλλαβών.
1451 2465 1861 2543 παραπλήσιον
1907 2461 1970 2526 δέ
2013 2484 2070 2525 τι
2108 2459 2212 2525 καὶ
2251 2460 2312 2524 ἐν
2350 2467 2488 2533 ταῖς
2527 2460 3144 2541 Θεσμοφορικζούσοιις

886 2579 1170 2653 ἐποίησεν.
1217 2578 1244 2642 ὁ
1291 2577 1407 2658 γὰρ
1451 2576 1756 2657 Εὐριπιδου
1799 2575 2087 2650 κηδεστής
2133 2554 2284 2668 ³⁶va

979 2690 1057 2756 In
1104 2690 1356 2755 scholiis
1405 2688 1697 2775 Aeschyli
1745 2691 1980 2753 mentio
2025 2689 2116 2753 fit.
2166 2686 2526 2753 Videndum
2573 2696 2784 2753 tamen
2828 2712 2909 2755 an
2955 2697 3142 2755 recte.

891 2804 1128 2870 Mirum
1191 2804 1358 2869 enim
1422 2826 1553 2868 esse
1610 2801 1959 2867 observavit
2021 2800 2214 2866 Vater
2259 2800 2383 2887 (die
2430 2801 2712 2868 Aleaden
2760 2802 2867 2868 des
2912 2804 3146 2890 Sopho-

890 2918 1041 2983 kles.
1092 2941 1151 3005 p.
1208 2920 1313 3001 19)
1361 2916 1858 3002 Aristophanem,
1906 2916 2017 2999 qui
2065 2916 2130 2980 in
2179 2913 2686 2982 Acharneusibus
2731 2916 2848 2980 hoc
2894 2917 3026 3002 agit
3074 2924 3150 2982 ut

889 3031 1213 3118 Euripidis
1281 3028 1626 3117 Telephum
1689 3038 1919 3116 carpat,
1984 3029 2192 3095 subito
2246 3029 2324 3094 ad
2372 3028 2752 3116 Aeschylum
2796 3030 3144 3113 deflectere,

890 3154 1032 3232 post
1099 3144 1348 3229 aliquot
1412 3166 1625 3209 versus
1690 3142 1769 3208 ad
1837 3144 2018 3208 illum
2090 3143 2461 3225 rediturum,
2526 3144 2819 3228 idemque
2879 3145 3150 3211 coniecit

893 3259 1300 3325 Scholiastam
1363 3266 1437 3323 ut
1496 3259 1865 3344 saepissime,
1928 3258 2181 3323 nomina
2226 3266 2612 3344 permutasse
2655 3266 2720 3323 et
2766 3260 3150 3345 Aeschylum

890 3374 1203 3460 scripsisse
1247 3395 1360 3459 pro
1404 3372 1728 3459 Euripide.

982 3487 1387 3554 Dissentiunt
1444 3487 1560 3551 viri
1623 3485 1812 3551 docti.
1873 3485 2080 3551 Litem
2130 3508 2257 3552 non
2305 3486 2546 3551 dirimit
2593 3485 2825 3551 Nauck
2873 3509 2932 3573 p.
2981 3480 3111 3553 456
3127 3516 3146 3569 3

896 3625 1040 3668 cum
1104 3600 1338 3666 Vatero
1402 3601 1645 3666 faciunt
1707 3600 1980 3666 Dindorf
2033 3608 2098 3666 et
2159 3600 2452 3679 Mueller,
2519 3601 2720 3666 eidem
2768 3602 3151 3687 refragratus

893 3714 1175 3782 Ribbeck
1236 3716 1326 3779 sic
1379 3712 1651 3780 scribens
1696 3737 1758 3801 p.
1809 3716 1974 3779 213:
2021 3713 2208 3794 „Das
2256 3714 2490 3792 Mittel,
2540 3714 2840 3779 wodurch
2887 3715 3021 3779 sich
3067 3715 3148 3782 D.

895 3852 1016 3894 von
1053 3828 1175 3894 deu
1215 3827 1580 3894 Acharnern
1620 3826 1861 3906 befreit‚
1903 3828 1987 3893 ist
2021 3827 2162 3892 dem
2203 3820 2540 3912 Aeschylos
2573 3826 3038 3912 nachgebildet.
3060 3877 3076 3894 .
3097 3879 3111 3893 .
3132 3877 3147 3892 .

896 3941 1014 4006 Die
1083 3941 1535 4026 Vermuthung
1601 3964 1719 4006 von
1790 3940 1986 4005 Vater
2044 3942 2154 4006 der
2215 3940 2523 4006 Scholiast
2586 3940 2747 4006 habe
2807 3941 3148 4027 eigentlich

894 4056 1218 4136 Εὐριπίδην
1275 4062 1434 4120 statt
1493 4054 1794 4136 Αἰσχύλον
1852 4053 2176 4120 schreiben
2239 4054 2484 4135 wellen,
2547 4055 2658 4119 hat
2713 4056 2917 4140 wenig
2961 4056 3153 4122 wahr-

896 4168 1324 4247 scheinliches,
1388 4168 1468 4232 da
1528 4168 1796 4234 nachher
1857 4192 1924 4234 so
1967 4168 2160 4233 vieles
2207 4170 2302 4233 als
2345 4191 2460 4234 aus
2504 4168 2644 4233 dem
2691 4167 2824 4234 Tel.
2873 4171 2983 4235 des
3027 4170 3154 4236 Eu·

896 4284 1132 4371 ripides
1178 4283 1458 4370 parodirt
1500 4281 1856 4368 angegeben
1902 4282 2075 4347 wird.
2125 4280 2244 4346 Die
2285 4280 2774 4366 Verwcchslung
2812 4283 2879 4348 in
2919 4283 3153 4349 diesem

897 4396 1081 4463 einen
1120 4395 1295 4462 Faue
1334 4404 1494 4461 ware
1530 4396 1711 4461 nicht
1749 4395 1926 4461 recht
1964 4395 2320 4461 erklarlich.
2361 4393 2477 4460 Ich
2513 4395 2661 4460 sehe
2698 4419 2780 4460 an
2818 4397 2929 4462 der
2953 4397 3150 4462 Sache

898 4511 1130 4590 nichts‚
1194 4533 1317 4576 was
1379 4510 1488 4575 des
1547 4509 1888 4595 Aeschylos
1931 4508 2263 4594 unwiirdig
2307 4517 2487 4575 ware.
2535 4509 2873 4596 Euripides
2918 4510 3153 4577 konnte

898 4625 1076 4691 recht
1119 4633 1238 4710 gut
1281 4624 1405 4690 den
1448 4623 1583 4711 Zug
1625 4647 1748 4691 von
1782 4623 1913 4689 ihm
1953 4622 2243 4688 entlehnt
2280 4622 2546 4688 haben.”
2587 4622 2777 4689 Hisce
2816 4645 2961 4689 vero
2998 4625 3153 4690 mihi
