3875 5634
1798 718 2053 806 rasus.
2917 746 2998 808 61

800 934 873 994 1:
923 930 1199 1009 μάλιστα
1239 966 1331 979 -
1374 924 1481 1001 οἷος
1528 929 1556 993 ὁ
1603 933 2011 1004 ποιητικός
2048 932 2222 1003 ἐστιν,
2263 940 2327 995 et
2363 931 2647 1018 inprimis
2685 932 2885 998 totius
2923 933 3044 998 ‹lis-

800 1045 1151 1131 putationis
1199 1042 1551 1109 conclusio:
1601 1044 1762 1109 οὐδὲν
1805 1039 1900 1108 οὖν
1933 1042 2151 1110 ἄτοπον
2184 1044 2313 1109 οὐδὲ
2353 1047 2696 1123 θαυμαστὸν
2733 1048 2782 1111 εί
2823 1046 3049 1121 πάσας,

799 1157 929 1223 ἕσαι
974 1167 1258 1237 μουσικῆς
1304 1158 1441 1222 είσιν
1485 1156 1699 1237 ἀρχαὶ,
1747 1157 2027 1238 περιέχων
2073 1157 2101 1222 ὁ
2147 1156 2279 1239 ἔρως
2324 1161 2383 1224 ἐν
2433 1160 2592 1240 αὐτῷ
2634 1159 2739 1225 καὶ
2789 1176 3054 1235 συνειλῆ-

800 1275 931 1354 Φὼς
955 1320 1147 1337 .....
1198 1271 1279 1336 τοὶ
1325 1273 1381 1335 τ’
1427 1269 1594 1336 ἄλλα
1639 1270 1952 1352 Φιλόπονός
1990 1274 2113 1335 ἐστι
2149 1271 2252 1336 καὶ
2294 1274 2497 1346 λάλος,
2525 1272 2604 1345 εἷς
2639 1297 2705 1338 τε
2739 1274 3055 1348 ποίησιν

802 1390 999 1464 μελῶν
1059 1385 1163 1451 καὶ
1232 1385 1455 1466 μέτρων
1516 1387 1591 1459 ὥς
1635 1386 1797 1451 οὐδὲν
1844 1383 1995 1451 ἄλλο
2043 1386 2224 1458 πάθος
2269 1387 2539 1467 ἐπίφορος
2584 1388 2685 1453 καὶ
2730 1388 3055 1464 κατάντης,

806 1509 1179 1587 argumento
1223 1509 1374 1566 sunt
1421 1522 1546 1566 non
1576 1494 1877 1579 ομουσικήν
1922 1502 2030 1567 sed
2074 1503 2312 1577 ποιητήν
2357 1503 2422 1567 in
2464 1501 2807 1569 Plutarcho
2841 1506 3058 1590 genui-

803 1638 956 1681 num
1018 1640 1169 1682 esse.
1220 1614 1483 1680 Accedit
1532 1623 1605 1680 ut
1654 1613 1829 1681 Plut.
1882 1619 2089 1680 Amat.
2138 1640 2191 1681 c.
2246 1619 2321 1682 17
2370 1640 2430 1704 p.
2485 1618 2646 1684 762b
2693 1617 2879 1684 verba
2922 1622 3053 1685 καί·

804 1752 908 1810 περ
953 1729 1027 1794 ὤν
1074 1730 1199 1795 κτέ.
1250 1752 1284 1794 e
1329 1730 1466 1795 loco
1506 1727 1716 1816 Symp.
1758 1739 2044 1817 excerpta
2085 1730 2232 1810 sint,
2271 1752 2415 1822 eum
2447 1732 2667 1796 saltem
2692 1732 3049 1818 respiciant,

807 1842 1020 1929 ibique
1082 1844 1335 1931 legatur
1391 1846 1652 1918 ποιητής.
1706 1842 1914 1931 Symp.
1964 1845 2006 1908 l.
2057 1844 2100 1909 l.
2151 1844 2334 1910 lectio
2381 1846 2662 1924 μουσικήν
2706 1846 2894 1911 fluxit
2941 1846 3060 1912 for·

806 1966 969 2023 tasse
1008 1983 1042 2024 e
1091 1981 1223 2045 cap.
1276 1962 1335 2023 2.
1383 1959 1451 2023 in
1500 1980 1627 2043 quo
1672 1958 1949 2024 multum
1995 1956 2122 2039 περὶ
2171 1967 2452 2037 μουσικῆς
2498 1959 2879 2045 disputatur.

893 2071 1265 2160 Euripidem
1328 2074 1572 2147 ποιητήν
1632 2073 1942 2159 scripsisse
2004 2071 2185 2137 docet
2231 2081 2548 2160 praeterea
2592 2072 2797 2156 Plato,
2848 2073 3059 2160 Symp.

806 2207 868 2271 p.
923 2188 1051 2250 196
1101 2210 1156 2251 e.

898 2298 1277 2386 Fragmento
1324 2299 1746 2366 Stheneboeae
1793 2301 2104 2387 persimile
2151 2309 2244 2365 est
2290 2301 2360 2366 fr.
2408 2300 2667 2389 Telephi
2717 2305 2843 2368 709
2888 2304 3062 2385 χρεία

808 2412 1089 2487 διδάσκει,
1158 2413 1270 2479 κᾶν
1333 2414 1559 2495 βραδύς
1622 2440 1710 2488 τις
1773 2412 1827 2496 ᾖ.
1891 2416 2087 2497 σοφόν.
2139 2414 2481 2500 Utriusque
2525 2416 2646 2482 loci
2695 2418 3067 2482 meminerat

812 2526 1160 2593 Menander
1245 2550 1390 2594 cum
1474 2529 1544 2594 in
1617 2530 2007 2610 Καρχηδονίῳ,
2077 2528 2274 2593 Mein.
2342 2529 2437 2594 IV
2508 2533 2655 2608 146,
2722 2530 3060 2596 scriberet:

810 2641 986 2722 χρεία
1031 2641 1310 2715 διδάσκει,
1360 2640 1472 2707 κᾶν
1516 2641 1776 2720 ἄμουσος
1820 2639 1875 2722 ᾖ,
1924 2642 2121 2724 σοφόν.

816 2877 923 2943 Vs.
978 2869 1189 2942 1081.
1566 2875 1670 2954 ξὺν
1713 2878 1854 2959 δόρει
1899 2875 2003 2952 ξὺν
2047 2880 2279 2945 ἀσπίδι.

901 2991 1110 3058 Schol.
1157 2992 1236 3058 ad
1282 2994 1448 3056 1081
1496 2994 1563 3058 τὸ
1611 2996 1713 3057 τοῦ
1760 2992 2023 3073 Ἀχαιοῦ
2061 2994 2181 3059 ἀπὸ
2220 2995 2449 3072 Μώμου
2488 2994 2808 3074 δράματος.
2856 2993 3064 3060 Schol.

812 3104 956 3171 Pac.
1031 3107 1157 3171 357
1217 3105 1477 3170 affertur
1540 3127 1750 3170 versus
1805 3106 2082 3191 integer:
2150 3103 2335 3187 ’Άρῆς
2395 3108 2422 3171 ὁ
2482 3107 2707 3188 λῃστὴς
2765 3109 2872 3173 σὺν
2930 3109 3069 3189 δόρει

811 3221 914 3285 σὺν
982 3221 1215 3285 ἀσπίδι.
1279 3219 1528 3304 Nauck,
1589 3220 1665 3285 fr.
1729 3243 1821 3306 p..
1857 3224 2003 3284 584.
2055 3220 2244 3285 Dind.
2294 3242 2437 3285 cum
2486 3219 2914 3287 Choerobosco
2968 3221 3072 3286 80-

813 3334 1055 3420 phoclis
1099 3357 1232 3401 esse
1276 3333 1538 3412 iudicat,
1588 3334 1662 3400 fr.
1717 3335 1899 3399 3746.

818 3561 927 3627 Vs.
982 3553 1191 3624 1160.
1240 3562 1459 3641 ἐχθρῶν
1505 3561 1645 3641 παρ’
1695 3561 1909 3642 ἀνδρῶν
1958 3562 2216 3639 δυσμενῆ
2263 3560 2650 3640 καττύματα.

906 3674 1173 3740 Parodia
1220 3696 1308 3739 vs.
1355 3674 1510 3739 Eur.
1557 3673 1810 3739 Heracl.
1866 3677 2035 3740 1006

1302 3790 1510 3869 ἐχθροῦ
1557 3787 1785 3862 λέοντος
1831 3789 2088 3866 δυσμενῆ
2136 3787 2575 3867 βλαστήματα.

908 3901 1093 3968 Unde
1141 3909 1402 3989 apparet
1448 3901 1585 3966 falli
1632 3901 2022 3968 Boeckhium
2068 3925 2166 3989 ap.
2215 3901 2557 3969 Bernhard.
2603 3902 2675 3968 II
2726 3907 2764 3968 2
2811 3926 2873 3990 p.
2923 3906 3076 3986 484,

821 4018 932 4102 qui
1000 4015 1368 4082 Heraclidas
1428 4013 1530 4081 Ol.
1600 4018 1705 4094 90,
1771 4017 1810 4079 3
1872 4016 2087 4082 doctas
2132 4039 2262 4081 esse
2307 4017 2573 4081 censuit.
2622 4015 2866 4104 Vespae
2910 4018 3081 4083 enim

825 4128 931 4194 01.
979 4131 1131 4211 89,2
1182 4127 1402 4194 doctae
1448 4135 1619 4209 sunt,
1667 4128 1900 4194 Bernh.
1946 4128 2036 4194 l.l.
2084 4151 2147 4215 p.
2200 4131 2348 4195 654.

826 4352 935 4419 Vs.
990 4345 1202 4417 1226.
1341 4351 1532 4425 οὐδεὶς
1577 4352 1802 4418 πώποτ’
1859 4353 1999 4435 ἀνὴρ
2047 4351 2238 4432 ἔγεντ’
2285 4354 2580 4429 Ἀθήναις.

912 4468 968 4533 Ε
1029 4466 1233 4532 Scolio
1287 4467 1355 4531 in
1422 4464 1644 4531 Harm.
1709 4473 1774 4531 et
1818 4467 2090 4553 Aristog.
2140 4466 2367 4552 Bergk.
2415 4465 2576 4532 Scol.
2627 4469 2729 4532 13.
2778 4466 2874 4532 Cf.
2921 4469 3082 4536 Acb.

829 4583 1025 4661 1091,
1072 4580 1217 4667 Lys.
1270 4583 1420 4646 632.
