3875 5634
1924 757 2102 802 Ans.
2951 738 3070 801 101

874 922 939 987 in
974 922 1089 987 hac
1113 925 1344 990 Avium
1389 925 1702 992 comoedia
1727 926 1910 1007 locos,
1938 928 2047 1011 qui
2074 948 2146 991 ex
2173 925 2485 1012 Aeschylo
2512 925 2785 991 desumti
2809 923 3121 990 videntur.

874 1037 1299 1104 Inveniuntur
1346 1041 1409 1105 in
1458 1042 1735 1129 episodio
1775 1041 1983 1122 Iridis,
2024 1043 2086 1107 in
2125 1063 2249 1126 quo
2288 1041 2393 1126 qui
2439 1039 2740 1126 leguntur
2767 1063 2977 1105 versus
3003 1048 3122 1105 tra·

877 1153 998 1238 gici
1046 1154 1120 1218 ad
1176 1178 1359 1220 unam
1403 1159 1785 1243 eandemque
1828 1157 2206 1241 tragoediam
2235 1156 2603 1243 pertinuisse
2634 1144 2964 1220 verisimile
3007 1163 3120 1221 est.

967 1268 1239 1335 Advenit
1301 1272 1529 1357 aliquis
1592 1273 1870 1351 deorum,
1926 1276 2093 1337 1183
2142 1273 2290 1351 ῥύμῃ
2317 1322 2506 1337 .....
2557 1271 2714 1351 αἰθὴρ
2761 1271 3012 1336 δονεῖτάι
3060 1278 3123 1335 et

880 1387 901 1447 1
928 1386 1044 1451 197
1090 1388 1164 1459 ὥς
1204 1361 1389 1465 ἔγγὺς
1414 1427 1497 1436 -
1526 1385 1924 1466 ἑξάκεύετάι·;
1951 1387 2405 1475 superbient-cm
2434 1395 2642 1451 monet
2670 1410 2744 1451 ne
2775 1385 2947 1449 Jovis
2969 1386 3118 1450 iram

877 1510 1137 1578 moveat,
1186 1503 1353 1565 1235·
1397 1498 1438 1566 εἴ
1479 1509 1651 1583 μῶρε,
1693 1510 1846 1583 μῶρε
1880 1504 2004 1569 κτὲ.
2029 1531 2043 1581 ;
2086 1504 2147 1567 in
2188 1509 2373 1567 coest
2400 1501 2580 1567 homo
2608 1509 2679 1566 ut
2705 1500 2941 1565 bellum
2971 1523 3110 1564 cum

871 1614 989 1678 diis
1050 1616 1367 1701 suscipiat,
1424 1619 1592 1682 1135
1644 1620 1901 1696 πέλεμσς
1949 1618 2165 1697 άῖρετάι
2212 1617 2375 1693 κτὲ.;
2427 1616 2490 1681 iu
2541 1615 2769 1701 quibus
2819 1613 3107 1699 Aeschyli

878 1731 1074 1813 magis
1123 1753 1306 1815 quani
1358 1731 1676 1819 Euripidis
1714 1756 1911 1818 genus
1953 1732 2249 1817 loquendi
2285 1732 2660 1815 agnoscitur,
2687 1752 2826 1794 cum
2859 1729 3108 1793 minime

871 1852 1117 1909 constet
1184 1846 1576 1912 scholiastam
1647 1871 1858 1913 verum
1919 1849 2140 1914 vidisse
2201 1848 2307 1932 qui
2361 1850 2527 1910 1:240
2575 1870 2608 1910 c
2656 1844 2956 1932 Sophocle
3004 1867 3104 1931 pc·

869 1962 1061 2026 titum
1122 1986 1252 2027 esse
1317 1964 1633 2028 existimat
1680 1973 1743 2028 ct
1796 1965 2129 2042 Λικυμνίαις
2164 1962 2351 2041 βελὲς
2398 1963 2474 2027 ad
2528 1960 2738 2026 drama
2792 1959 3115 2045 Euripidis

868 2076 1077 2141 refert.
1127 2077 1223 2142 Ex
1266 2079 1800 2160 antecedentibuS,
1850 2087 2189 2166 praeeunte
2237 2078 2493 2158 Kocki0‚
2532 2076 2796 2142 indicavi
2837 2098 2923 2140 vs,
2964 2077 3112 2139 320.

960 2190 1288 2257 Praeterea
1338 2202 1623 2259 auctores
1670 2203 1820 2259 sunt
1865 2195 2232 2258 scholiastae
2264 2191 2740 2279 Aristophanem
2779 2190 3115 2275 quinquies

871 2305 933 2369 in
987 2305 1101 2371 hac
1146 2309 1461 2373 comoedia
1512 2309 1801 2395 Aeschyli
1850 2308 2051 2374 verbis
2100 2331 2279 2373 usum
2328 2331 2476 2373 esse.
2529 2306 2725 2371 Petiti
2772 2313 2954 2370 sunt:

1309 2447 1394 2487 νε.
1448 2426 1576 2488 276
1627 2446 1699 2489 cx
1750 2424 2008 2504 Edonis,

1308 2562 1425 2603 vss.
1480 2544 1627 2620 800,
1678 2542 1803 2603 807
1855 2547 1918 2604 et
1972 2543 2137 2604 1420
2187 2563 2219 2603 e
2267 2535 2782 2624 Myrmidonibus,

1312 2676 1398 2718 vs.
1454 2656 1619 2720 1247
1670 2677 1703 2718 e
1746 2652 1974 2726 Niobe.

869 2763 1234 2852 Sophoclem
1281 2769 1496 2854 tetigit
1539 2793 1658 2834 vss.
1711 2770 1857 2848 100,
1911 2772 2058 2846 275,
2111 2771 2256 2843 851,
2304 2768 2451 2845 857,
2498 2766 2665 2831 1337
2693 2771 2757 2829 ct
2780 2763 3108 2830 observatu

862 2881 1122 2965 dignum
1187 2890 1281 2947 est
1325 2884 1389 2949 in
1448 2884 1687 2950 Avibus
1728 2886 2133 2972 paucissimos
2180 2907 2307 2948 esse
2354 2883 2522 2947 locos
2569 2880 2676 2946 ubi
2725 2888 2892 2945 certa
2941 2902 3108 2966 repe·

862 2997 1062 3061 riatur
1106 2999 1361 3083 parodia
1407 2998 1752 3088 Euripidis,
1800 3022 1989 3085 quem
2028 3001 2092 3065 in
2132 2999 2388 3083 reliquis
2426 2996 2715 3062 omnibus
2759 2995 2990 3061 fabulis
3029 2995 3110 3060 ri-

861 3110 969 3175 det
1039 3119 1105 3176 et
1170 3112 1559 3179 mordacibus
1615 3115 1861 3180 lacessit
1925 3116 2093 3179 iocis.
2157 3113 2487 3178 Manifesta
2544 3119 2637 3176 est
2681 3108 2935 3197 parodia
2985 3132 3101 3174 vss.

866 3227 1057 3305 1244,
1109 3234 1173 3290 et
1222 3229 1411 3309 1381,
1450 3229 1804 3295 verisimilis
1851 3235 1946 3294 est
1978 3252 2062 3293 νε.
2114 3231 2298 3308 1231,
2342 3228 2579 3292 incerta
2603 3232 2698 3289 est
2735 3247 2851 3289 vss.
2880 3227 3009 3289 829
3038 3229 3103 3288 et

863 3342 1009 3420 842,
1050 3363 1176 3406 non
1218 3341 1553 3429 probabilis
1591 3352 1684 3409 est
1722 3367 1809 3410 vs.
1859 3346 2052 3423 1242,
2077 3342 2256 3409 nulla
2279 3350 2375 3408 est
2397 3364 2513 3407 vss.
2543 3342 2691 3420 348,
2719 3342 2879 3419 423,
2914 3341 3105 3405 1720.

864 3567 969 3635 Vs.
1029 3560 1237 3633 1720.
1301 3565 1510 3648 ἄναγε,
1559 3568 1740 3649 δίεχε,
1789 3568 2047 3650 πάράγε,
2096 3567 2340 3649 πάρεχε.

948 3681 1153 3747 Schol.
1202 3682 1492 3763 χλευάζει
1543 3683 1604 3747 δὲ
1652 3684 1815 3764 πάρά
1858 3682 1939 3750 τά
1984 3684 2048 3748 ἐκ
2095 3682 2380 3764 Τρῳάδων
2421 3682 2743 3762 Εὐριπίδευ
2796 3684 2905 3765 (vS.
2959 3683 3109 3765 303)

857 3845 898 3874 ‚,
914 3797 1119 3877 ἄνεχε,
1173 3796 1422 3877 πάρεχε,
1470 3803 1601 3877 φῶς
1654 3798 1854 3879 Φέρε.”

943 3910 1131 3975 Errat
1202 3910 1569 3977 Scholiasta.
1641 3911 1832 3977 Recte
1898 3912 2132 3977 indicat
2196 3911 2369 3976 Kock
2437 3910 2622 3977 verba
2670 3910 3106 3996 Aristophanis

857 4026 1116 4111 imperia
1180 4049 1310 4091 esse
1370 4050 1406 4090 a
1468 4051 1531 4091 re
1596 4027 1853 4091 militari
1906 4030 2122 4113 petita.
2172 4026 2340 4107 Quid
2390 4028 2472 4091 sit
2521 4027 2753 4107 πάρεχε
2799 4047 2923 4091 non
2975 4048 3105 4111 per·

852 4141 1142 4226 spicuum
1199 4149 1294 4204 est
1353 4141 1457 4206 sed
1523 4142 1761 4206 etiamsi
1815 4164 1957 4206 vera
2005 4143 2105 4220 sit,
2156 4143 2322 4226 quod
2371 4140 2614 4221 dubito,
2668 4142 3101 4226 interpretatio

854 4256 1084 4338 πάρεχε
1130 4260 1260 4337 Φῶς
1307 4257 1348 4321 i.
1395 4280 1451 4320 e.
1501 4259 1566 4322 τὸ
1612 4262 1742 4337 φῶς
1779 4256 1803 4321 'o'
1846 4259 2118 4335 νυμφίοις
2155 4257 2374 4334 πρέπει,
2415 4256 2568 4320 Eur.
2597 4255 2738 4342 lph.
2772 4255 2922 4320 Aul.
2959 4257 3104 4333 733,

853 4369 1014 4435 nihil
1078 4377 1171 4435 est
1216 4370 1383 4455 quod
1435 4373 1617 4436 unius
1662 4370 1949 4436 vocabuli
1998 4372 2226 4451 πάρεχε
2270 4393 2448 4435 causa
2502 4369 2820 4456 pat-odiam
2869 4378 3101 4435 statua-

852 4508 1010 4551 mus·
1062 4484 1155 4550 Cf.
1206 4508 1365 4570 quae
1412 4486 1728 4572 disputavi
1777 4486 1852 4549 ad
1906 4485 2092 4572 Vesp.
2149 4489 2337 4550 1326.
