3875 5634
1509 676 1593 720 nn
1636 674 1991 721 ’1110111111οε
2034 675 2376 720 nomrrms.
2893 656 3016 718 211

908 843 1195 908 Fortasse
1257 842 1374 907 boc
1436 842 1570 928 ipso
1628 842 1765 907 loco
1821 841 2157 907 incidimus
2201 840 2270 905 in
2315 840 2676 905 iuncturam
2721 839 2883 904 male
2931 862 3072 905 con—

816 951 1103 1008 sutarum
1162 942 1522 1009 fabularum
1581 943 2017 1029 pertinuitque
2076 964 2290 1006 versus
2361 944 2551 1023 1644,
2600 941 2710 1030 qui
2757 940 2836 1005 ab
2883 941 3079 1007 edito-

815 1044 988 1108 ribus
1033 1044 1278 1121 eicitur,
1325 1042 1404 1108 ad
1442 1042 1829 1123 Phoenissas,
1875 1067 1964 1107 vs.
2010 1045 2182 1106 1645
2222 1050 2458 1122 contra,
2499 1043 2611 1132 qui
2651 1064 2795 1108 cum
2821 1066 3081 1132 sequen-

817 1144 989 1209 tibus
1035 1144 1343 1224 cohaeret,
1392 1144 1472 1209 ad
1517 1145 1777 1209 alteram
1825 1142 2125 1209 fabulam.

904 1244 998 1309 II.
1049 1244 1449 1333 Colloquium
1509 1246 1863 1331 Antigonae
1925 1255 1990 1310 et
2052 1245 2397 1333 Oedipodis
2462 1248 2926 1313 1744—1757.
2982 1244 3080 1311 De

825 1349 993 1412 1746
1042 1369 1175 1433 sqq.
1225 1346 1349 1409 iam
1397 1346 1549 1410 dixi.
1599 1348 1933 1412 Praeterea
1981 1371 2106 1413 nou
2154 1348 2577 1413 omittendum
2626 1355 2721 1412 est
2769 1370 2855 1411 vs.
2909 1349 3080 1413 1744

819 1446 1215 1533 praecedenti
1285 1470 1414 1512 non
1473 1456 1618 1532 apte
1680 1447 2031 1513 cohaerere.
2084 1448 2307 1513 Subito
2352 1449 2586 1514 transit
2631 1448 2951 1533 Antigone
2999 1447 3079 1512 ad

820 1548 1028 1613 fratris
1075 1570 1309 1626 necem,
1358 1547 1552 1612 oblita
1590 1570 1749 1635 quae
1788 1572 1876 1614 vs.
1922 1550 2092 1613 1743
2133 1549 2565 1615 affirmaverat.
2605 1548 2880 1614 Gloriam
2911 1548 3078 1613 enim

820 1648 897 1714 de
961 1671 1087 1737 qua
1144 1649 1431 1736 loquitur
1476 1650 1734 1736 adipisci
1781 1672 1909 1714 non
1958 1657 2204 1736 poterat
2249 1650 2301 1715 si
2350 1651 2602 1716 fratrem
2653 1650 2916 1736 sepelire
2961 1648 3079 1714 sibi

822 1758 1215 1837 proponeret.
1287 1750 1422 1815 Iam
1491 1752 1850 1837 antiquitus
1914 1752 2121 1816 conati
2184 1762 2334 1816 sunt
2397 1752 2772 1837 interpretes
2835 1772 3081 1814 versum

831 1854 1001 1916 1744
1063 1853 1460 1938 praecedenti
1523 1852 1979 1945 quodammodo
2028 1853 2342 1937 adaptare.
2392 1852 2473 1918 In
2522 1851 2812 1918 omnibus
2859 1851 3082 1916 codici-

826 1951 943 2017 bus
989 1952 1255 2037 legitur:

1181 2054 1413 2119 wimtv'
1462 2055 1577 2132 ἐγὼ
1625 2051 1910 2133 ξυγγὸνου
1958 2054 2006 2119 θ’
2066 2053 2446 2135 ὑβρισμάτων

828 2176 988 2244 quae
1034 2177 1176 2219 vera
1220 2154 1407 2219 lectio
1455 2179 1585 2220 esse
1633 2156 1876 2244 nequit.
1930 2155 2021 2219 Ut
2070 2155 2298 2243 aliquis
2346 2156 2637 2222 evaderet
2675 2177 2894 2231 nexus,
2936 2176 3085 2218 non·

828 2255 990 2320 nulli
1040 2264 1378 2342 praecunte
1425 2257 1756 2322 scholiasta
1802 2258 2238 2320 coniecerunt:
2288 2258 2407 2334 ἐγὼ
2456 2262 2558 2321 σοῦ
2602 2254 2805 2334 gwy..
2855 2254 3083 2319 Nauck

826 2357 981 2433 ἐμῶν
1027 2354 1229 2435 Suyy„
1280 2357 1387 2421 sed
1433 2365 1663 2422 neutra
1714 2359 2070 2422 coniectura
2119 2357 2553 2422 difficultatem
2600 2358 2791 2421 tollit.
2844 2357 3088 2420 Deinde

826 2459 1100 2544 suspecti
1161 2466 1313 2522 sunt
1372 2481 1488 2522 vss.
1561 2460 1729 2522 1758
1778 2481 1910 2546 sqq.
1964 2457 2107 2522 Duo
2153 2460 2390 2543 priores
2437 2455 2477 2522 ὦ
2527 2459 2763 2540 πάτρας
2809 2497 2900 2506 -
2945 2458 3087 2536 ἀνὴρ

828 2582 860 2623 e
909 2557 1307 2624 Valckenarii
1352 2560 1666 2624 sententia
1713 2559 1837 2624 huc
1888 2558 2048 2623 illati
2097 2567 2249 2623 sunt
2298 2583 2332 2623 e
2381 2559 2697 2644 Sophoclis
2739 2558 2895 2623 Oed.
2941 2558 3087 2643 Tyr.

837 2662 1007 2724 1524
1077 2686 1189 2750 sq.,
1256 2669 1319 2725 et
1379 2684 1466 2727 νε.
1535 2663 1727 2741 1761,
1795 2666 1893 2724 νῦν
1942 2659 2159 2737 ἄτιμος
2206 2662 2387 2733 αὐτὸς
2431 2661 2643 2741 οἰκτρὸς
2689 2657 3088 2738 ἐξελαύνομαι

832 2763 1055 2840 χθονός,
1119 2762 1307 2826 refert
1355 2786 1506 2828 vsm.
1558 2765 1707 2839 627,
1757 2764 1832 2834 ὡς
1875 2762 2093 2839 ἄτιμος
2141 2762 2337 2840 οἶκτρὰ
2386 2760 2646 2841 πάσχων
2693 2758 3086 2837 ἐξελαύνομαι

833 2862 1057 2940 χθονός,
1128 2861 1311 2927 verba
1379 2862 1694 2948 Polynicis
1761 2863 2029 2949 patriam
2088 2861 2523 2949 relinquentis.
2587 2860 2903 2926 Videntur
2966 2884 3087 2926 vss.

838 2964 1006 3027 1758
1055 2985 1185 3051 sqq.
1235 2964 1438 3029 additi
1484 2987 1615 3029 esse
1662 2962 1739 3028 ab
1789 2986 1859 3027 co
1909 2967 2020 3051 qui
2071 2963 2440 3028 Phoenissas
2487 2962 2936 3028 retractaverit.

924 3064 1041 3128 His
1089 3066 1384 3150 expositis
1429 3088 1553 3130 non
1600 3065 2234 3151 praetermittendum
2285 3073 2381 3129 est
2427 3073 2869 3148 argumentum
2918 3062 3088 3153 quod

834 3172 1040 3229 totum
1087 3165 1256 3253 quod
1297 3166 1575 3230 exstruxi
1619 3164 1973 3230 aedificium
1997 3165 2369 3231 labefactare
2393 3164 2660 3245 videtur,
2688 3189 2761 3231 ex
2789 3165 3084 3251 Aeschyli

837 3265 1007 3352 Sept.
1078 3290 1132 3330 a.
1204 3265 1396 3331 Theb.
1468 3268 1758 3352 petitum.
1836 3269 2072 3352 Aperte
2134 3267 2294 3331 hanc
2354 3268 2739 3352 tragoediam
2800 3268 3088 3331 imitatur

835 3368 1191 3454 Euripides,
1250 3367 1316 3432 in
1379 3391 1452 3432 ea
1497 3376 1707 3433 autem
1756 3366 1971 3432 eadem
2017 3368 2145 3432 fere
2192 3368 2523 3453 profitetur
2569 3369 2885 3453 Antigone
2931 3389 3091 3454 quae

837 3469 1156 3556 Euripidis
1200 3468 1555 3534 Phoenissis
1599 3468 1969 3533 abiudicavi.
2022 3468 2215 3554 (Sept.
2264 3472 2434 3534 1026
2469 3493 2603 3558 sqq.
2639 3469 2877 3534 Phoen.
2919 3471 3089 3533 1645

837 3574 996 3659 sqq.)
1057 3569 1504 3635 Gravissimum
1567 3578 1680 3650 est,
1739 3592 1866 3634 non
1912 3571 2167 3647 infitior,
2217 3571 2332 3635 hoc
2378 3578 2822 3657 argumentum
2870 3578 2934 3634 et
2978 3569 3091 3634 diu

839 3671 1221 3736 consideravi
1291 3694 1371 3735 an
1439 3672 1697 3735 fortasse
1768 3671 1957 3735 aliam
2026 3672 2264 3756 aperire
2326 3694 2568 3758 possem
2632 3670 3090 3757 interpretandi

839 3775 1023 3850 viam,
1093 3794 1308 3837 verum
1371 3772 1613 3836 nullam
1677 3772 1886 3836 inveni
1950 3781 2014 3836 et
2072 3772 2362 3837 omnibus
2415 3775 2738 3860 perpensis
2782 3773 3094 3836 sententia

840 3896 963 3938 non
1010 3874 1259 3937 desisto.
1308 3871 1531 3937 Potuit
1566 3873 1902 3958 Euripides
1939 3874 2005 3938 in
2045 3875 2528 3939 Phoenissarum
2566 3876 2686 3939 fine
2712 3872 3091 3958 Aeschylum

842 3998 967 4041 non
1030 3974 1261 4038 imitari
1324 3996 1704 4062 quamquam
1764 3975 1830 4038 in
1896 3974 2117 4038 multis
2163 3973 2240 4038 ab
2287 3998 2358 4039 eo
2405 3975 2657 4061 pendet,
2708 3998 2833 4039 non
2879 3975 3093 4060 potuit

841 4074 1106 4141 scribere
1154 4098 1314 4163 quae
1360 4099 1395 4139 a
1443 4100 1590 4140 sana
1637 4077 1877 4140 ratione
1920 4074 2277 4154 abhorrent,
2320 4099 2441 4140 non
2486 4077 2696 4161 potuit
2731 4076 3094 4159 Antigonen

841 4179 1070 4263 fingere
1135 4199 1261 4241 uno
1320 4177 1444 4241 fere
1500 4185 1714 4241 tenore
1777 4177 2241 4263 praedicantem
2303 4200 2364 4240 se
2409 4201 2538 4241 cum
2579 4186 2757 4261 patre
2802 4176 2993 4242 vive're
3037 4184 3096 4241 et

843 4282 985 4343 mori
1030 4279 1403 4343 constituisse
1441 4286 1504 4342 et
1539 4280 1864 4361 perieulum
1904 4278 2119 4360 capitis
2160 4301 2220 4341 se
2258 4280 2406 4342 velle
2441 4280 2609 4343 adire
2625 4279 2867 4365 fratris
2892 4302 3094 4344 causa.

844 4380 934 4444 Ut
993 4380 1244 4444 tandem
1308 4388 1582 4444 revertar
1643 4378 1811 4443 unde
1872 4379 2190 4465 profectus
2236 4400 2409 4444 sum:
2457 4402 2745 4464 magnam
2790 4380 2921 4443 veri
2966 4402 3097 4466 spe-

843 4481 999 4546 ciem
1044 4480 1231 4544 habet
1275 4481 1487 4565 opinio
1536 4480 1899 4565 Hartungii,
1946 4480 2011 4543 in
2051 4477 2420 4545 Phoenissas
2459 4481 2762 4546 nonnulla
2797 4504 2872 4546 ex
2910 4479 3097 4546 Euri-
