3875 5634
1840 771 2073 817 amaa.
2907 755 2938 816 1
2953 754 3029 816 67

920 936 1131 1002 Aliam
1193 937 1358 1002 viam
1417 938 1736 1022 ingressus
1795 937 2079 1003 Fritsche
2141 960 2354 1002 verum
2415 938 2646 1003 dixisse
2693 938 3089 1003 scholiastam

827 1051 1169 1131 contendit,
1217 1051 1430 1136 plures
1477 1051 1642 1115 enim
1690 1052 1857 1116 locos
1904 1051 2053 1116 ahbi
2099 1074 2349 1136 quoque
2387 1051 2612 1116 allatos
2661 1075 2791 1117 esse
2818 1074 3084 1136 quorum

827 1168 890 1231 in
960 1147 1301 1251 superstite
1356 1166 1497 1251 Iph.
1564 1167 1711 1231 Aul.
1775 1166 2024 1233 nullum
2087 1167 2169 1231 sit
2225 1168 2579 1252 vestigium,
2643 1167 2827 1232 aliam
2890 1168 3088 1253 igitur

827 1280 1020 1345 fuisse
1059 1278 1459 1366 Iphigeniam
1508 1280 1657 1346 Aul.
1705 1282 1951 1346 maioris
1998 1281 2337 1367 Euripidis,
2376 1281 2563 1346 aliam
2597 1281 2877 1362 minoris,
2924 1304 3086 1366 quae

829 1394 907 1458 ad
955 1415 1067 1458 nos
1113 1394 1421 1479 pervenit.

915 1507 1157 1572 Extant
1225 1529 1439 1572 revera
1507 1506 1809 1573 eiusmodi
1868 1509 2010 1573 loci.
2075 1509 2277 1573 Schol.
2348 1508 2504 1574 Ran.
2563 1512 2773 1574 1400:
2824 1509 3086 1589 βέβληκ’

827 1621 1160 1703 Ἀχιλλεὺς
1185 1671 1377 1688 .....
1427 1623 1476 1688 οἱ
1521 1624 1583 1688 δὲ
1637 1622 1798 1711 (ἔτι)
1850 1626 1909 1688 ἐν
1956 1633 2029 1705 τῇ
2075 1625 2196 1703 Ἰφ.
2246 1633 2319 1705 τῇ
2362 1624 2421 1687 ἐν
2464 1625 2613 1689 Αὖλ.
2667 1620 2775 1710 (ἦν
2814 1624 3074 1713 breim-3)

827 1737 997 1820 quod
1033 1744 1246 1801 tamen
1286 1736 1448 1801 nihil
1489 1744 1585 1801 est
1621 1738 1739 1801 nisi
1778 1737 2155 1803 coniectura.
2193 1735 2438 1802 Deinde
2461 1736 2731 1823 Hesych.
2757 1736 3080 1818 ἄθραυστα·

825 1851 1176 1931 ἀπρόσκοποι
1225 1852 1360 1931 Εὐρ.
1411 1849 1530 1931 Ἰφ.
1582 1859 1655 1931 τῇ
1702 1853 1761 1916 ἐν
1799 1853 1950 1917 Aba·
1994 1850 2242 1916 Tertius
2283 1858 2378 1915 est
2416 1851 2594 1916 locus
2620 1874 2718 1937 ap.
2748 1851 3085 1917 Aelianum

825 1966 903 2029 cf.
954 1964 1029 2029 fr.
1078 1964 1234 2029 Eur.
1286 1967 1434 2029 851.

914 2078 1089 2143 Num
1133 2101 1279 2143 vero
1326 2101 1402 2144 ex
1449 2078 1615 2144 hisce
1661 2080 1966 2163 sequitur,
2014 2078 2181 2162 quod
2231 2078 2507 2144 Fritsche
2554 2078 2781 2157 voluit,
2829 2079 3076 2166 Iphige-

823 2194 988 2257 niam
1041 2193 1191 2258 Aul.
1239 2193 1445 2258 adhuc
1492 2195 1736 2258 vivente
1782 2193 2083 2278 Euripide
2129 2194 2193 2257 in
2239 2214 2481 2257 scenam
2532 2192 2879 2279 prodiisse?
2905 2192 3079 2258 Non-

823 2307 1003 2372 nulla
1065 2307 1131 2372 in
1195 2307 1310 2372 hac
1370 2306 1690 2392 tragoedia
1753 2315 1995 2371 mutata
2055 2330 2183 2370 esse
2239 2313 2352 2370 aut
2397 2307 2776 2392 interpolata
2824 2308 3079 2373 minime

824 2444 1023 2507 nego;
1088 2421 1205 2487 hoc
1266 2443 1466 2486 unum
1513 2443 1658 2484 vero
1705 2429 1949 2485 constat
1996 2419 2387 2505 Iphigeniam
2438 2420 2589 2485 Aul.
2641 2429 2784 2506 post
2832 2421 3081 2507 Euripi-

826 2535 921 2600 dis
998 2542 1260 2599 mortem
1320 2535 1361 2598 i.
1426 2557 1480 2598 e.
1539 2542 1679 2620 post
1731 2534 1934 2598 Ranas
1998 2532 2245 2597 doctam
2310 2557 2440 2599 esse
2490 2533 2725 2617 (Schol.
2772 2534 2930 2599 Ran.
2982 2538 3085 2600 67.

826 2647 970 2714 οὕτω
1036 2649 1152 2729 γὰρ
1217 2646 1323 2712 καὶ
1383 2648 1449 2712 αἱ
1509 2648 1886 2713 διδασκαλίαι
1945 2648 2198 2728 φέρουσι,
2248 2651 2712 2721 τελευτήσαντος
2765 2650 3080 2731 Εὐριπίδου

824 2763 922 2828 τὸν
983 2762 1098 2828 υἱὸν
1143 2763 1328 2826 αὑτοῦ
1378 2762 1750 2843 δεδιδαχέναι
1798 2762 2099 2839 ὁμώνυμον
2146 2762 2205 2825 ἐν
2249 2761 2416 2826 ἄστει
2460 2759 2823 2843 Ἰφιγένειαν
2866 2762 2975 2836 τὴν
3020 2764 3079 2828 ἐν

822 2877 1065 2949 Αὐλίδι,
1126 2876 1542 2956 Ἀλκμαίωνα,
1607 2875 1927 2963 Βάκχας),
1989 2884 2052 2940 et
2113 2898 2248 2940 eam
2314 2876 2435 2940 iam
2485 2884 2670 2940 antea
2719 2875 2782 2940 in
2829 2899 3073 2941 scenam

816 2990 1120 3076 prodiisse
1182 2989 1378 3086 nullo.
1424 2990 1652 3053 nititur
1714 2989 2140 3054 fundamento,
2190 2987 2282 3052 Cf.
2332 2988 2522 3053 Weil.
2574 2990 2744 3075 Sept.
2794 2998 2954 3074 trag.
3006 3013 3066 3077 p.

822 3107 949 3168 308
999 3126 1133 3188 sqq.

906 3218 1133 3301 Itaque
1172 3225 1287 3281 aut
1333 3217 1564 3281 erravit
1608 3216 1949 3281 Scholiasta
1998 3216 2105 3300 qui
2151 3213 2218 3289 ἐξ
2255 3217 2610 3297 Ἰφιγενείας
2652 3217 2921 3301 scripsit,
2963 3224 3077 3282 aut

816 3332 990 3397 aliud
1060 3330 1325 3396 tradidit
1385 3352 1631 3395 nomen.
1699 3329 1836 3394 Hoc
1896 3330 2049 3393 mihi
2111 3328 2430 3415 probabile
2491 3331 2762 3395 videtur.
2816 3333 3070 3414 Scripsit

815 3443 896 3521 ἐξ
938 3444 1439 3525 ’Ὑψιπύλης,
1492 3443 1673 3508 cuius
1722 3444 1993 3508 nominis
2033 3443 2468 3529 compendium
2509 3445 2728 3523 ‘'r-,bna
2769 3466 2963 3530 prope
2986 3443 3064 3515 ab

816 3561 1006 3641 Ἰφιγ.
1072 3558 1266 3623 abest.
1331 3558 1534 3622 Simili
1582 3558 1773 3622 errori
1822 3540 2132 3622 debentur
2180 3556 2618 3637 Andromache
2664 3580 2777 3643 pro
2826 3556 3062 3621 Andro·

815 3673 996 3737 meda
1052 3672 1126 3737 fr.
1193 3671 1346 3736 Eur.
1412 3673 1560 3750 133,
1605 3669 1977 3736 Phoenissae
2024 3693 2132 3755 pro
2179 3669 2488 3735 Phoenice
2536 3669 2712 3735 Stob.
2768 3673 2914 3735 121.
2966 3673 3066 3750 12,

816 3786 1181 3873 Melanippe
1230 3785 1599 3866 Σοφοκλέους
1647 3808 1758 3871 pro
1806 3784 1957 3849 Mel.
2006 3791 2185 3865 σοφῇ.
2234 3784 2637 3849 Aristarchus
2676 3807 2790 3870 pro
2830 3785 3069 3848 Aristo-

813 3902 1013 3987 phane
1062 3902 1124 3965 in
1174 3900 1378 3965 Schol.
1430 3902 1618 3965 Hom.
1660 3900 2008 3984 similiaque
2050 3899 2267 3964 multa.
2319 3899 2399 3963 Ut
2432 3908 2643 3964 autem
2674 3900 3065 3984 potissimum

815 4015 1198 4101 Hypsipylae
1245 4037 1362 4078 VSS.
1419 4016 1586 4078 1309
1638 4035 1769 4098 sqq.
1819 4013 2091 4078 tribuam
2142 4019 2392 4078 movent
2438 4036 2536 4077 me
2582 4015 2902 4077 vss.1305
2930 4036 3063 4097 sqq.

812 4128 1182 4214 Aeschylus,
1246 4127 1493 4192 Musam
1559 4128 1961 4214 Euripideam
2022 4127 2329 4192 advocans
2393 4129 2495 4192 cui
2543 4134 2766 4192 cantus
2812 4127 2892 4191 ad
2941 4151 3065 4192 cre-

812 4243 1087 4329 pitantes
1134 4248 1327 4307 testas
1372 4241 1634 4329 placuit,
1680 4250 1754 4306 ut
1809 4242 2012 4306 Schol.
2054 4244 2236 4307 docet
2283 4242 2637 4327 tragoediae
2692 4241 3064 4327 Hypsipylae

808 4354 996 4421 ludit.
1064 4355 1416 4419 Adstetisse
1477 4355 1754 4440 puellam
1800 4378 1961 4440 quae
2011 4355 2395 4441 Hypsipylen
2443 4355 2721 4434 referret,
2767 4355 2919 4420 dum
2969 4378 3061 4419 ca·

808 4478 985 4535 neret
1048 4468 1415 4555 Aeschylus,
1474 4470 1805 4536 verisimile
1868 4478 1980 4535 est.
2043 4470 2122 4535 In
2180 4480 2432 4557 promtu
2494 4470 2695 4555 igitur
2759 4479 2852 4534 est
2901 4471 3064 4535 coni-

812 4607 947 4648 cere
1010 4605 1226 4648 versus
1287 4582 1521 4668 quibus
1582 4584 1920 4670 Aeschylus
1983 4592 2309 4650 centonem
2354 4583 2773 4669 Euripideum
2821 4582 3055 4670 incepit
