3875 5634
860 650 986 712 144
1817 665 2048 711 aman.

809 832 1018 896 Μίνωοι
1080 839 1144 895 et
1193 834 1319 894 475
1375 832 1431 895 τὸ
1476 831 1591 912 γὰρ
1637 833 1870 910 Στυγὸς
1914 870 2005 880 -
2050 832 2291 914 παίζων.
2344 830 2588 897 Deinde
2637 831 2840 896 Schol.
2891 831 3063 898 Ven.

809 943 911 1008 κοιὶ
957 943 1038 1007 τοὶ
1083 944 1191 1019 μὲν
1237 943 1420 1022 {xva-32·
1467 943 1749 1008 πλάττων
1794 945 1975 1022 λέγει.
2021 945 2168 1010 τάδε
2213 942 2279 1019 ἐξ
2328 946 2648 1025 Εὐριπίδου
2686 947 2823 1026 πρὸς
2865 945 3059 1027 φόβον

736 1058 744 1064 ’
816 1055 1103 1120 Διονύσου.
1152 1053 1307 1121 cod.
1354 1056 1624 1145 denique
1674 1055 1835 1121 Flor.
1888 1068 1942 1121 Θ
1988 1057 2176 1122 habet
2230 1060 2296 1123 ἐκ
2343 1058 2580 1132 Θησέως
2629 1058 2965 1139 Εὐριπίδου.

899 1169 1149 1234 Dicitur
1215 1170 1414 1254 igitur
1473 1169 1750 1236 Theseus
1812 1172 1963 1237 Τοίοι
2025 1174 2256 1250 Στυγὸς
2315 1173 2439 1237 xri.
2501 1172 2875 1237 vociferatus
2922 1196 3055 1237 esse

813 1282 1086 1347 Minoam
1136 1280 1365 1346 adiens·
1416 1285 1503 1345 At
1551 1284 1693 1371 quis
1739 1283 1996 1349 credat?
2030 1283 2270 1349 Acerba
2305 1307 2453 1351 sane
2493 1284 2827 1370 protulerit
2851 1283 3058 1364 verba,

816 1397 879 1461 in
929 1418 1128 1480 regem
1177 1396 1460 1460 invectus
1504 1397 1586 1461 sit
1631 1398 1740 1484 qui
1788 1420 2013 1484 pueros
2058 1398 2424 1486 puellasque
2466 1399 2650 1463 morti
2691 1397 2933 1464 obicere
2975 1406 3059 1478 et,

819 1515 893 1571 ut
960 1508 1247 1593 Hyginus
1308 1509 1504 1573 tradit
1566 1512 1742 1574 Poet.
1805 1513 1975 1575 Astr.
2041 1511 2110 1575 II
2164 1516 2199 1575 5
2252 1513 2585 1596 (nescimus
2629 1535 2709 1577 an
2759 1536 2835 1577 ex
2881 1512 3065 1577 Euri·

816 1621 979 1708 pide)
1030 1623 1325 1707 virginem
1373 1621 1699 1688 Eriboeam
1744 1625 2145 1710 comprimere
2178 1625 2396 1706 voluit,
2438 1627 2544 1691 sed
2593 1627 2768 1715 quid,
2811 1649 3060 1715 quaeso,

814 1757 1030 1799 saxum
1097 1735 1382 1821 Stygium
1452 1743 1517 1800 et
1584 1737 1966 1802 Acherontia
2029 1760 2212 1824 rupes
2274 1744 2339 1802 et
2395 1737 2611 1824 Cocyti
2677 1761 2860 1804 canes
2918 1761 3062 1805 cum

813 1848 1049 1914 Theseo
1108 1859 1172 1914 et
1232 1873 1373 1935 rege
1420 1849 1857 1916 Cretensium?
1905 1851 2304 1940 Quamquam
2352 1874 2552 1939 pauca
2598 1860 2856 1918 tantum
2903 1853 3066 1938 frag-

812 1970 1023 2028 menta
1088 1963 1307 2028 Thesei
1375 1973 1733 2050 supersunt,
1806 1967 2028 2054 quovis
2091 1973 2301 2032 tamen
2358 1967 2622 2053 pignore
2690 1967 3064 2032 contendam

810 2077 963 2142 talia
1022 2076 1329 2142 Theseum
1388 2100 1517 2142 non
1577 2079 1805 2143 dixisse
1863 2102 2070 2167 neque
2134 2080 2338 2144 Minoi
2388 2102 2622 2167 neque,
2672 2079 2841 2168 quod
2892 2080 3067 2145 Mus-

819 2191 1029 2276 gravio
1072 2190 1333 2277 placuit,
1379 2190 1761 2256 Minotauro.

908 2304 1116 2369 Primo
1188 2305 1435 2394 quidem
1499 2306 1796 2391 adspectu
1858 2306 2106 2371 videtur
2166 2305 2512 2371 Scholiasta
2582 2307 2791 2371 omnia
2848 2305 3066 2371 sedulo

818 2420 1216 2504 investigasse
1275 2427 1338 2482 et
1383 2421 1586 2504 ipsum
1638 2421 1976 2506 inspexisse
2025 2422 2257 2497 drama,
2307 2444 2449 2486 cum
2503 2420 2601 2485 vel
2651 2443 2882 2486 nomen
2931 2421 3068 2485 eius

822 2555 1004 2622 quem
1073 2532 1346 2599 Theseus
1405 2533 1717 2598 allocutus
1777 2536 1859 2598 sit
1918 2535 2180 2612 noverit,
2247 2542 2309 2597 at
2368 2533 2516 2598 alibi
2577 2557 2829 2623 quoque
2879 2535 2946 2599 in
2993 2535 3070 2600 si·

823 2648 956 2712 mili
1004 2671 1068 2713 re
1113 2649 1366 2714 nomina
1405 2649 1550 2714 ficta
1585 2656 1753 2713 sunt.
1796 2648 2094 2714 Eiusdem
2135 2648 2301 2713 enim
2340 2649 2473 2713 cod.
2513 2647 2674 2713 Ven.
2703 2647 3067 2725 Scholiasta,

823 2762 934 2850 qui
995 2763 1109 2829 hoc
1171 2762 1304 2828 loco
1365 2763 1440 2827 de
1503 2762 1741 2828 Theseo
1789 2763 2032 2828 multus
2079 2772 2193 2843 est,
2241 2761 2318 2827 ad
2368 2761 2557 2849 Vesp.
2612 2765 2761 2841 313,
2810 2761 3069 2849 perinde

823 2899 895 2940 ac
964 2878 1013 2941 si
1083 2878 1212 2964 ipse
1279 2878 1492 2942 drama
1526 2908 1530 2912 ·
1560 2877 1949 2963 inspexisset,
2023 2884 2322 2942 memorat
2399 2877 2812 2964 Hippolytum
2879 2876 3068 2941 fuisse

824 2989 934 3078 qui
992 2992 1259 3065 ἀνόνητον
1318 2992 1437 3055 κτὲ.
1503 2991 1755 3056 locutus
1812 2991 1914 3055 sit.
1965 2990 2151 3072 Quod
2200 2997 2413 3055 tamen
2460 2990 2688 3055 falsum
2736 2996 2928 3077 atque
2970 2988 3074 3053 fic·

826 3108 963 3166 tum
1010 3110 1122 3167 est.

919 3219 976 3281 2.
1043 3215 1142 3280 Ad
1189 3240 1275 3281 vs.
1326 3218 1453 3281 473
1500 3217 1652 3282 citat
1700 3216 1902 3283 Schol.
1950 3218 2082 3303 ipsa
2130 3217 2453 3302 Euripidis
2510 3215 2694 3281 verba
2742 3238 2902 3305 quae
2940 3214 3074 3279 imi-

823 3336 992 3395 tatus
1036 3333 1117 3395 sit
1163 3331 1637 3418 Aristophanes:
1686 3333 1712 3397 ὁ
1762 3333 1935 3403 τόπος
1983 3326 2144 3404 οὗτος
2191 3331 2356 3413 παρὰ
2399 3331 2481 3395 τοὶ
2533 3332 2591 3395 ἕν
2630 3336 2819 3404 Θησεῖ
2859 3331 3000 3409 Eup.

1264 3444 1415 3526 κοὶρκ
1459 3469 1526 3509 τε
1571 3444 1685 3525 γάρ
1733 3469 1834 3509 σου
1879 3444 2122 3524 συγχέω
2147 3444 2386 3532 ἶκόμκις
2432 3445 2579 3522 ὁμοῦ

1271 3562 1415 3639 ροινῶ
1462 3583 1529 3622 τε
1573 3557 1769 3623 πεδόσ’
1825 3558 2181 3638 ἑγκέφοιλον,
2230 3558 2520 3636 ὀμμάτων
2568 3558 2620 3622 δ’
2671 3556 2790 3623 ἄπο

1269 3671 1614 3749 αἱμοσταγῆ
1663 3679 1948 3751 πρηστῆρε
1990 3669 2280 3751 ῥεύσονται
2326 3670 2504 3734 κάτω.

920 3781 1021 3847 Fr.
1072 3784 1219 3847 388.
1267 3807 1322 3846 v.
1369 3783 1574 3847 Herw‘.
1623 3784 2019 3861 αἱμοστοιγεῑς
2064 3792 2382 3863 πρηστῆρες
2430 3783 2694 3849 οἴσονται.

919 3895 1080 3960 Mira
1145 3896 1422 3981 profecto
1481 3897 1767 3982 parodia!
1830 3896 2007 3960 Num
2074 3896 2225 3960 haec
2289 3896 2737 3981 Aristophanes
2794 3896 3076 3959 imitatus

829 4008 964 4074 est?
1010 4011 1099 4074 At
1144 4011 1350 4074 omnia
1396 4018 1639 4096 praeter
1687 4033 1884 4075 unum
1933 4010 2399 4088 αἱμκτοστοιγής
2448 4010 2774 4076 dissimilia
2824 4016 2993 4074 sunt.

923 4126 982 4188 3.
1043 4123 1261 4190 Restat
1319 4125 1504 4188 tertia
1560 4125 1900 4203 annotatiO,
1949 4125 2026 4188 ad
2071 4148 2156 4188 VS.
2207 4126 2337 4189 475
2391 4126 2739 4204 Ταρτησσίοι
2785 4123 3074 4202 μύραιναι

830 4238 992 4318 παρὰ
1046 4238 1128 4303 τοὶ
1188 4241 1246 4303 ἐν
1294 4241 1370 4320 τῷ
1418 4247 1611 4313 Θησεῖ
1651 4240 1984 4318 Εὐριπίδου.
2039 4237 2205 4302 Fieri
2255 4239 2508 4302 omuino
2557 4245 2762 4324 potest
2810 4236 2908 4301 his
2951 4257 3080 4299 ver-

833 4349 928 4416 bis
971 4354 1284 4437 parodiam
1332 4354 1630 4419 dramatis
1675 4352 1898 4416 Thesei
1944 4351 2164 4432 inesse,
2216 4353 2266 4417 si
2319 4374 2460 4416 vero
2500 4350 2855 4416 testimonia
2905 4349 3076 4415 scho-

828 4464 1152 4531 liastarum
1218 4465 1632 4553 ponderamus
1698 4489 1825 4531 non
1887 4446 2308 4545 numm-amm,
2371 4464 2449 4528 iis
2511 4487 2671 4553 quae
2733 4463 2811 4528 de
2883 4461 3077 4528 schol.
