3875 5634
1601 775 2315 822 rnnsuornomazussn.
2911 759 3036 821 125

846 948 1052 1013 utitur
1098 952 1176 1011 ut
1216 943 1580 1031 Euripidem
1626 944 1827 1009 rideat
1870 944 1982 1032 qui
2020 945 2111 1009 ita
2148 943 2396 1028 scripsit
2425 967 2512 1008 vs.
2556 945 2702 1028 532)
2719 968 2737 1021 3
2783 946 2906 1008 881
2937 967 3081 1009 cum

844 1060 991 1127 Hel.
1040 1060 1206 1140 4673
1258 1062 1385 1123 886
1434 1081 1578 1125 cum
1625 1058 1768 1123 Hel.
1816 1061 1969 1122 466.

845 1284 955 1350 Vs.
1006 1277 1172 1348 889.
1375 1283 1437 1348 τί
1477 1283 1547 1356 δὴ
1592 1283 1666 1347 σὺ
1712 1282 1942 1357 θάσσεις
1985 1282 2165 1355 ‘rigas
2211 1282 2532 1363 τυμβήρεις
2572 1282 2741 1365 ἕδρας

1380 1396 1552 1480 φάρει
1596 1399 1918 1471 καλυπτὸς.
1968 1392 2010 1461 ὦ
2054 1394 2222 1474 ξένης

932 1511 1342 1598 Tragoediam
1387 1504 1671 1577 imitatur
1718 1511 2194 1599 AristophaneS,
2246 1535 2459 1589 revera
2505 1513 2672 1577 enim
2718 1510 2963 1577 Helena
3010 1516 3090 1579 ad

846 1626 1204 1714 sepulcrum
1273 1624 1525 1691 sedebat
1589 1623 1734 1690 Hel.
1811 1629 1915 1708 64,
1978 1627 2084 1692 sed
2142 1626 2527 1714 colloquium
2592 1626 2962 1692 Mnesilochi
3025 1634 3090 1692 et

846 1740 1171 1827 Euripidis
1217 1762 1417 1829 usque
1461 1740 1536 1806 ad
1580 1763 1667 1804 vs.
1719 1743 1846 1805 903
1892 1740 1972 1806 de
2019 1763 2134 1806 suo
2173 1740 2436 1806 addidit.
2485 1740 2587 1805 Sic
2624 1764 2711 1805 vs,
2754 1743 2880 1804 890
2916 1739 3092 1806 Mne-

846 1855 1153 1921 silochum
1216 1854 1525 1919 dicentem
1571 1855 1752 1919 facit:
1801 1853 2096 1936 βιοὶζομαι
2139 1893 2232 1903 —
2274 1854 2476 1935 λέχος,
2522 1877 2665 1920 cum
2715 1854 2957 1919 Helena
3000 1877 3089 1919 vs.

851 1971 933 2033 62
980 1970 1239 2036 dixisset
1253 1996 1273 2048 3
1320 1977 1467 2042 παῖς
1513 1971 1539 2034 ὁ
1584 1974 1685 2034 τοῦ
1728 1969 2061 2043 τεθνηκότος
2108 1970 2246 2051 θηρᾷ
2291 1976 2509 2047 γαμεῖν
2548 1993 2644 2047 με.
2687 1967 3094 2055 Aristophani

846 2083 1047 2168 igitur
1090 2105 1279 2169 quam
1325 2082 1613 2169 Euripidi
1656 2081 1932 2148 tribuere
1983 2083 2236 2147 malim:

943 2199 1091 2261 895.
1140 2194 1350 2277 βαΰζε,
1402 2198 1617 2275 τούμὸν
1662 2202 1841 2277 σῶμα
1888 2196 2208 2276 βάλλουσα
2253 2197 2445 2278 ψόγῳ,
2495 2197 2570 2262 fr.
2618 2197 2825 2282 adesp.
2876 2198 2957 2259 45
3006 2193 3091 2259 Ν.

852 2307 946 2374 Of.
994 2307 1258 2374 Fritsch.
1309 2332 1365 2374 a.
1416 2309 1478 2376 h.
1527 2309 1570 2374 l.

944 2426 1093 2488 896.
1142 2420 1297 2503 ξένη,
1352 2424 1440 2498 τίς
1500 2424 1534 2497 ἦ
1595 2408 1777 2505 γραῦς
1833 2426 1866 2498 ἦ
1924 2424 2341 2505 κακορροθοῦσά
2380 2449 2467 2489 σε.
2509 2425 2874 2506 Κακορροθεῖν
2907 2425 3093 2488 etiam

851 2538 1008 2603 Ach.
1064 2539 1241 2619 577⁸,
1286 2538 1353 2602 in
1399 2536 1670 2624 parodia.

943 2653 1092 2716 900.
1141 2653 1205 2717 οὔ
1251 2650 1366 2731 γαρ
1413 2657 1731 2731 γαμοῦμαι
1776 2653 1856 2733 σῷ
1905 2652 2242 2734 κασιγνήτῳ
2288 2650 2449 2734 ποτὲ,

1144 2764 1427 2847 προδοῦσα
1471 2765 1771 2830 Μενέλεων
1815 2767 1912 2831 τὸν
1958 2767 2100 2843 ε’μὸν
2145 2767 2202 2830 ἐν
2248 2765 2430 2849 Τροία
2475 2765 2661 2830 πόσιν.

943 2880 1094 2943 902.
1142 2876 1335 2957 γύναι,
1382 2878 1445 2943 τί
1484 2874 1688 2955 εἷπας;
1736 2878 1984 2960 στρέψον
2027 2879 2353 2958 ἀνταυγεῖς
2401 2879 2588 2960 κόρας.

852 3103 963 3169 Vs.
1015 3098 1158 3167 904
1203 3125 1335 3189 sqq.
1381 3103 1476 3168 Ex
1522 3103 1672 3168 Eur.
1723 3102 1985 3168 Helena.
2043 3102 2150 3167 Vs,
2201 3105 2330 3167 904
2378 3102 2732 3167 conferatur
2771 3125 2912 3167 cum
2958 3101 3101 3167 Hel.

856 3223 1017 3300 5493
1068 3220 1193 3282 905
1233 3239 1323 3302 sq.
1364 3240 1503 3282 cum
1528 3216 1674 3281 Hel.
1708 3220 1828 3283 557
1859 3240 1987 3302 sq.;
2017 3218 2367 3282 907—909
2394 3238 2536 3280 cum
2563 3214 2705 3280 Hel.
2730 3216 3098 3279 561—563.

859 3440 968 3505 Vs.
1018 3434 1181 3505 910.
1389 3440 1523 3505 Mn.
1570 3442 1685 3519 ἐγὼ
1731 3441 1795 3506 δὲ
1842 3440 2117 3521 Μενέλεῳ
2161 3441 2217 3504 σ’
2264 3438 2374 3506 ὅσα
2418 3440 2482 3519 γ’
2528 3441 2593 3504 ἐκ
2637 3444 2752 3504 τῶν
2798 3439 2997 3521 ἰφύων.

942 3555 1039 3620 Ex
1085 3553 1229 3619 Hel.
1276 3577 1363 3619 vs.
1416 3558 1540 3618 564
1584 3555 1700 3633 ἐγὼ
1746 3554 1810 3619 δὲ
1858 3551 2132 3634 Μενέλεῴ
2179 3578 2253 3631 γε
2295 3554 2377 3617 σ”·
2422 3553 2541 3619 οὐδ’
2597 3551 2721 3632 ἔχω
2765 3553 2829 3617 τί
2882 3557 2998 3635 φῶ.

944 3668 1153 3734 ‘Verba
1198 3668 1628 3754 Aristophanis
1675 3691 1799 3734 non
1846 3670 1999 3733 satis
2046 3667 2368 3752 intellegO.
2415 3666 2637 3747 Ἰφύων
2674 3667 2922 3752 scripsit
2959 3666 3108 3752 quia

856 3806 1010 3849 sono
1054 3806 1181 3849 non
1230 3781 1524 3847 dissimile
1570 3790 1664 3847 est
1706 3784 1787 3863 τῷ
1832 3782 1894 3847 τί
1937 3786 2057 3863 φῶ,
2106 3785 2215 3847 sed
2259 3780 2433 3858 3529st
2482 3782 2606 3845 κτέ.
2654 3802 2781 3845 non
2819 3780 2996 3845 aliter
3020 3781 3110 3845 in·

853 3898 1187 3984 terpretari
1247 3918 1495 3983 possum
1560 3917 1749 3980 quam
1799 3894 1972 3974 ὅσαγ’
2030 3896 2097 3960 ε’κ
2143 3900 2257 3959 τῶν
2304 3895 2490 3975 ἰφύων
2539 3893 2658 3978 (vel
2705 3901 2829 3966 τοῖς
2875 3893 3101 3980 ἱφύοις)

849 4011 979 4078 ἐστὶ
1042 4011 1472 4093 τεκμαίρεσθαι,
1538 4011 1707 4096 quod
1769 4010 1950 4076 nihili
2013 4018 2109 4074 est
2173 4010 2316 4088 nisi,
2381 4007 2548 4092 quod
2614 4031 2740 4073 non
2788 4006 3106 4094 probabile

855 4132 969 4205 est,
1031 4123 1185 4207 ἴφυα
1246 4124 1588 4210 portaverit
1633 4123 1988 4209 Euripides.
2038 4121 2177 4186 Hoc
2227 4131 2470 4186 certum
2521 4121 2773 4186 videtur
2815 4120 3004 4187 rideri
3051 4121 3117 4185 fi·

854 4238 1016 4303 lium
1061 4246 1168 4312 τῆς
1213 4237 1726 4318 λαχανοπώλιδος.

846 4461 958 4529 Vs.
1010 4455 1175 4527 911.
1378 4462 1529 4527 Eur.
1576 4460 1758 4540 ἔγνως
1801 4459 1892 4544 ἄρ’
1939 4462 2105 4544 ὀρθῶς
2154 4458 2340 4542 ἄνδρα
2386 4457 2892 4539 δυστυχέστατον.

1394 4574 1529 4640 Mn.
1578 4569 1619 4638 ὦ
1672 4574 1893 4657 χρόνιος
1937 4576 2114 4640 ἐλθὼν
2159 4582 2268 4649 σῆς
2313 4572 2618 4654 δάμαρτος
2664 4572 2723 4644 ἐς
2769 4569 2974 4653 χέρας.
