3875 5634
1620 795 2328 856 rmuornomzusa.
2919 780 3042 843 121

945 964 1011 1029 Si
1057 987 1200 1029 eum
1246 963 1539 1030 audimus
1584 965 1652 1030 in
1696 963 2019 1050 tragoedia
2063 972 2282 1052 raptus
2328 963 2567 1030 Orestis
2604 966 2725 1051 (cui
2766 966 3095 1052 praecessit

853 1075 1114 1164 Telephi
1160 1078 1420 1163 agnitio)
1465 1079 1798 1164 ponendus
1833 1084 1928 1143 est
1963 1087 2109 1144 ante
2150 1079 2486 1143 orationem
2524 1080 2701 1145 cuius
2747 1079 3094 1165 fragmenta

852 1197 1003 1256 sunt
1060 1191 1135 1255 fr.
1202 1192 1349 1271 707,
1402 1194 1551 1271 710,
1601 1194 1750 1272 712,
1801 1194 1951 1273 711,
2000 1199 2064 1256 et
2108 1198 2250 1279 post
2293 1193 2474 1257 aliam
2523 1194 2864 1258 orationem
2913 1195 3093 1258 cuius

851 1304 1108 1369 initium
1149 1304 1273 1369 fuit
1318 1304 1393 1370 fr.
1446 1306 1594 1370 701.

941 1420 1033 1481 At
1085 1418 1344 1504 cogitari
1387 1421 1641 1494 omnino
1686 1420 1912 1508 nequit
1957 1418 2035 1484 ab
2084 1420 2200 1484 iam
2245 1421 2447 1503 aquito
2492 1419 2762 1506 Telepho
2821 1420 3094 1507 profecta

853 1554 983 1597 esse
1042 1532 1115 1596 fr.
1182 1532 1328 1612 712,
1390 1534 1488 1598 τὸν
1550 1534 1613 1599 δὲ
1675 1533 1961 1614 Τήλεφον
2018 1534 2119 1598 οὐκ
2180 1532 2451 1611 οἰόμεσθα
2513 1540 2576 1598 et
2634 1534 2706 1599 fr.
2778 1536 2897 1600 711
2966 1530 3094 1600 εἶτα

852 1646 923 1719 δὴ
966 1645 1304 1725 θυμούμεθα
1338 1648 1461 1721 xri,
1504 1669 1647 1712 cum
1693 1654 1904 1734 aperte
1951 1646 2029 1710 de
2069 1645 2343 1733 Telepho
2381 1655 2698 1735 tamquam
2735 1648 2810 1713 de
2849 1649 2991 1729 alio,
3015 1649 3092 1715 de

852 1784 916 1825 se
959 1768 1278 1849 tamquam
1326 1759 1404 1825 de
1452 1760 1688 1825 Graeco
1750 1761 2068 1849 loquatur,
2119 1761 2287 1850 quod
2334 1762 2460 1847 ipse
2507 1761 2674 1827 Jahn
2718 1785 3094 1851 quamquam

852 1874 1214 1940 dubitanter
1275 1874 1581 1941 concedit.
1640 1874 1888 1941 Deinde
1949 1875 2131 1941 docet
2191 1898 2302 1941 nos
2361 1877 2823 1963 Aristophanes,
2886 1884 2963 1942 ut
3016 1876 3094 1942 ad

850 1989 1008 2055 Ach.
1057 1993 1187 2054 496
1235 1990 1654 2056 demonstrare
1701 1987 1963 2057 conatus
2007 2014 2169 2071 sum,
2210 1990 2286 2055 fr.
2336 1993 2453 2056 701
2500 1990 2773 2057 eiusdem
2798 1993 3094 2058 orationis

851 2104 1042 2169 fuisse
1089 2126 1159 2169 ac
1205 2104 1279 2169 fr.
1332 2106 1481 2181 707,
1525 2107 1649 2170 710
1695 2128 1828 2194 sqq.
1878 2102 2125 2168 Habuit
2149 2104 2343 2189 igitur
2365 2104 2704 2170 orationem
2729 2081 2899 2169 illam
2925 2104 3095 2170 Tele-

860 2217 1028 2305 phus
1069 2226 1211 2282 ante
1256 2218 1676 2304 agnitionem3
1727 2240 1869 2283 cum
1915 2226 2129 2283 autem
2167 2224 2382 2304 raptus
2405 2219 2682 2297 infantis,
2706 2218 2874 2307 quod
2896 2242 3007 2305 per
3029 2243 3093 2284 se

855 2331 1266 2418 intellegitur,
1315 2339 1457 2418 post
1503 2333 1889 2418 agnitionem
1937 2333 2000 2396 in
2049 2332 2367 2417 tragoedia
2405 2331 2486 2396 sit
2522 2332 2865 2418 ponendus,
2891 2334 3091 2423 sequi-

857 2453 964 2512 tur
1024 2446 1508 2532 Aristophanem
1569 2469 1696 2512 non
1759 2448 1827 2511 in
1872 2446 2147 2511 Acharn.
2197 2444 2304 2511 sed
2350 2446 2413 2510 in
2461 2444 2828 2533 Thesmopb.
2876 2470 3091 2512 verum

860 2560 1219 2647 tragoediae
1263 2561 1544 2626 ordinem
1592 2583 1882 2625 servasse.
1930 2559 2178 2648 Itaque,
2229 2561 2595 2646 comparatis
2632 2583 2790 2649 quae
2827 2561 2906 2625 ad
2930 2560 3090 2625 Ach.

851 2679 981 2739 496
1040 2676 1354 2754 annotavi,
1402 2674 1521 2739 hoc
1566 2674 1694 2740 fere
1742 2673 1926 2739 modo
1974 2672 2292 2759 tragoedia
2336 2674 2650 2760 processit.
2698 2673 2902 2740 Verba
2946 2675 3095 2739 facit
3164 2750 3173 2759 .

851 2787 1161 2877 Telephus
1215 2789 1583 2875 (fragmenta
1631 2790 1719 2853 ita
1768 2786 2202 2853 distribuenda
2248 2795 2398 2852 sunt
2444 2796 2519 2851 ut
2566 2787 2893 2875 praecedat
2942 2791 3091 2869 706,

850 2910 1197 2991 sequantur
1247 2904 1394 2983 701,
1448 2902 1619 2966 700?
1671 2902 1819 2980 707,
1867 2902 2016 2981 710,
2061 2901 2208 2982 711,
2256 2903 2426 2986 712).
2469 2900 2819 2994 Clamorem
2855 2902 3095 2967 tollunt

848 3015 1306 3103 indignabundi
1378 3015 1619 3095 Graeci,
1690 3015 1766 3079 fr.
1840 3017 1987 3094 713,
2053 3013 2209 3078 Ach.
2280 3016 2399 3079 557
2464 3037 2619 3102 sqq„
2667 3012 2911 3079 Thesm.
2964 3016 3090 3078 520

849 3155 980 3220 sqq.
1026 3130 1209 3195 Brevi
1254 3136 1398 3217 post
1440 3129 1804 3215 agnoscitur
1850 3126 2185 3214 Telephus,
2234 3150 2346 3192 nec
2391 3127 2679 3214 displicet
2715 3128 3094 3195 Jahniicon-

849 3247 1089 3312 iectura
1148 3268 1314 3324 eum,
1372 3245 1768 3310 inimicorum
1834 3243 2132 3307 conviciis
2192 3243 2533 3323 incensum,
2595 3242 2799 3329 ipsum
2859 3244 2922 3307 se
2984 3243 3087 3307 mi·

850 3361 1015 3425 nime
1062 3360 1417 3445 mendicum
1466 3358 1572 3423 sed
1621 3357 1947 3443 Mysorum
1995 3378 2205 3441 regem
2253 3379 2383 3420 esse
2429 3356 2757 3442 aperuisse,
2805 3357 2909 3421 cui
2955 3379 3094 3420 con-

850 3476 1125 3539 iecturae
1185 3474 1353 3539 favet
1413 3474 1571 3538 Ach.
1641 3475 1767 3537 593
1833 3495 1967 3560 sqq.
2037 3469 2173 3535 Iam
2238 3478 2313 3535 ut
2371 3470 2559 3535 saluti
2620 3493 2766 3535 suae
2811 3471 3096 3536 consulat

851 3588 1136 3654 Orestem
1183 3589 1426 3676 arripit,
1475 3589 1552 3653 ad
1600 3610 1771 3652 aram
1813 3586 2100 3670 confugit
2147 3592 2212 3650 et
2258 3585 2590 3649 exclamat:

1650 3701 1794 3765 ἀλλ’
1842 3698 2032 3765 ἔνθαδ’
2080 3697 2180 3763 ἐπὶ
2227 3703 2338 3762 τῶν
2385 3699 2596 3779 μηρίων

1290 3817 1522 3894 πληγὲν
1566 3814 1852 3897 μαχαίρᾳ
1900 3813 2043 3895 τῇδε
2087 3813 2210 3878 κτὲ.

937 3931 1164 4018 Neque
1209 3931 1331 3995 iam
1370 3931 1448 3996 ad
1490 3931 1673 3994 finem
1713 3928 2082 4016 perductam
2116 3950 2246 3993 esse
2270 3927 2582 4014 parodiam
2608 3928 2888 3994 arbitror.
2916 3927 3095 3994 Voci-

848 4047 1085 4111 feratur
1110 4044 1487 4110 Graecorum
1514 4044 1763 4133 aliquis,
1790 4043 2281 4129 Agamemnonis
2303 4042 2502 4106 filium
2531 4043 2709 4106 morti
2738 4049 2809 4106 ut
2834 4042 3090 4129 eripiat:

1649 4158 1754 4221 οὐκ
1798 4153 2070 4238 αρήξεθς
2117 4156 2181 4220 οὐ
2229 4156 2454 4227 πολλὴν
2499 4154 2639 4233 βοὴν

1289 4272 1574 4347 στήσεσθε
1617 4270 1723 4337 καὶ
1775 4278 2082 4353 τρεπαῖονς

848 4408 1115 4474 quorum
1185 4408 1389 4474 neque
1456 4386 1692 4466 ἀρήγειν
1754 4407 1960 4474 neque
2021 4384 2165 4463 βοὴν
2226 4382 2496 4449 ἵστασθαι
2551 4384 2925 4449 comicorum
2975 4391 3091 4465 est.

845 4499 1117 4581 ’Δρήγειν
1161 4500 1397 4584 legitur
1443 4498 1587 4584 Lysi.
1632 4500 1766 4579 303,
1809 4498 1873 4563 in
1922 4499 2195 4562 carmine
2244 4497 2489 4562 chorico
2533 4496 2634 4581 (ib.
2676 4499 2805 4560 459
2845 4495 3095 4580 ἀράξετε

846 4614 1210 4679 restitutum
1259 4616 1374 4698 est)
1422 4619 1487 4677 et
1531 4611 1708 4678 Plut.
1758 4615 1911 4692 476,
1963 4607 2006 4675 ὦ
2051 4611 2345 4691 τύμπανα
2390 4609 2494 4677 καὶ
2531 4608 2791 4693 jezbaam
2829 4613 2928 4677 οὐκ
2949 4612 3092 4694 αἱρή-
