3875 5634
1567 838 2267 884 masuornoauzusan.
2869 824 2993 888 127

796 1007 976 1072 nullo
1021 1013 1205 1093 pacto
1251 1007 1532 1071 tc'iusclcen
1577 1005 1776 1071 valere
1811 1013 2018 1093 potest
2057 1028 2259 1092 neque
2298 1007 2375 1072 de
2415 1006 2854 1091 prehendendo
2896 1007 3037 1095 Scy-

798 1122 908 1187 tha
955 1143 1156 1186 sermo
1201 1127 1311 1185 est.

798 1347 908 1414 Vs.
961 1339 1173 1411 1019.
1244 1344 1459 1420 κλύεις,
1504 1342 1547 1410 ὦ
1590 1348 1889 1429 προσαυδῶ
1934 1346 2000 1413 σὲ
2044 1348 2156 1413 ταν
2200 1350 2258 1414 ἐν
2308 1349 2532 1432 ἄντροις

1246 1459 1621 1540 κατάνευσον,
1667 1459 1835 1526 ἔασον
1881 1462 1956 1534 ὥς

1252 1573 1357 1649 τὴν
1403 1574 1661 1654 γυναῖκα
1705 1576 1774 1654 μ’
1821 1553 2019 1641 ἐλθεῖν.

891 1689 1097 1755 Schol.
1159 1690 1295 1772 πρὸς
1353 1688 1459 1761 τὴν
1520 1689 1693 1769 Ἠχὼ
1754 1688 2120 1768 Ἀνδρομέδα
2164 1689 2325 1768 λέγει
2368 1740 2409 1772 ,,
2430 1693 2879 1773 προσαιδουσσαι
2928 1693 3041 1767 τας

800 1807 859 1870 ἐν
917 1804 1142 1886 ἄντροις
1183 1802 1510 1868 ,ἀπόπασον
1554 1800 1720 1868 ἔασον
1765 1803 1961 1884 Ἀχοῖ
2000 1828 2082 1882 με
2125 1804 2230 1869 σὺν
2276 1805 2488 1886 φίλαις
2532 1811 2669 1885 γόου
2715 1806 2884 1871 πόθον
2932 1821 3045 1872 λα-

802 1918 994 1998 βεῖν.”
1039 1917 1141 1983 Fr.
1193 1919 1342 1982 118.
1391 1914 1513 1981 Pro
1557 1916 1869 1981 οὶπόπασον
1916 1916 2154 1983 Seidler
2198 1918 2566 1999 απόπαυσον,
2605 1918 2712 1984 sed
2736 1942 2950 1985 vereor
2974 1930 3049 1985 ut

801 2032 953 2097 satis
1011 2026 1310 2096 fulciatur
1365 2030 1519 2094 haec
1576 2029 1760 2095 lectio
1816 2053 1938 2095 usu
1994 2031 2344 2117 imperativi
2405 2034 2593 2098 activi
2654 2038 2831 2100 παῦε.
2879 2033 3048 2099 Nam

800 2144 1056 2211 nullum
1116 2142 1288 2208 aliud
1334 2142 1589 2228 reperiri
1634 2149 1841 2229 potest
1882 2153 2325 2229 argumentum
2373 2168 2498 2231 quo
2545 2144 2846 2233 probetur
2890 2147 3046 2214 ἁπό-

803 2283 1028 2324 παυσον
1100 2257 1306 2323 valere
1375 2257 1746 2323 ἀποπαῦσαι.
1810 2256 1958 2323 Non
2020 2266 2189 2324 certe
2252 2282 2392 2324 cum
2458 2258 2776 2345 Wagnero
2838 2283 3054 2348 provo·

804 2395 944 2437 care
1002 2372 1155 2437 licet
1200 2371 1278 2436 ad
1327 2369 1511 2456 Soph.
1562 2369 1716 2435 Oed.
1768 2370 1900 2437 Col.
1953 2373 2120 2439 1777
2168 2372 2313 2437 αλλ’
2369 2374 2715 2439 οὶποπαύετε
2759 2375 2903 2453 μηδ’
2951 2374 3052 2439 ἐπὶ

804 2486 984 2551 πλείω
1042 2484 1052 2575 Ι
1104 2487 1291 2566 θρῆνον
1358 2485 1621 2565 ἐγείρετε,
1692 2484 1802 2549 ubi
1870 2486 2218 2551 αποπαύετε
2284 2485 2599 2553 obiectum
2671 2487 2859 2553 habet
2927 2491 3044 2571 θρῆ-

806 2624 915 2666 νον.
979 2599 1225 2664 Deinde
1286 2599 1676 2663 coniecturae
1735 2600 1871 2681 πρὸς
1918 2600 2128 2672 Αἰδοῦς
2175 2600 2260 2675 σέ,
2310 2621 2472 2684 quae
2517 2601 2838 2687 ingeniosa
2886 2610 3053 2667 certe

804 2719 899 2778 est
969 2719 1033 2777 et
1101 2712 1379 2799 proxime
1438 2710 1519 2775 ad
1578 2711 1807 2777 codicis
1867 2712 2081 2777 literas
2127 2712 2382 2794 accedit,
2432 2713 2912 2779 anteferendum
2960 2723 3054 2779 est

806 2826 1153 2893 Hermanni
1218 2826 1519 2908 προσαυδῶ
1579 2826 1665 2892 σε’.
1724 2825 1873 2892 Non
1932 2826 2098 2891 enim
2161 2826 2339 2891 video
2385 2849 2578 2913 quare
2626 2828 3047 2909 Andromeda,

803 2941 1047 3007 etiamsi
1105 2947 1429 3006 teneamus
1487 2962 1622 3004 eam
1667 2938 1900 3004 nudam
1949 2940 2027 3005 ad
2073 2964 2294 3006 saxum
2339 2942 2661 3028 alligatam
2710 2965 2841 3007 esse
2887 2967 3050 3029 nym-

798 3058 979 3139 pham
1021 3054 1198 3120 Echo
1236 3077 1344 3138 per
1388 3054 1678 3119 Pudorem
1724 3053 2093 3120 obtestatam
2140 3062 2301 3120 esset
2346 3062 2418 3120 ut
2463 3064 2704 3122 taceret.
2747 3055 2843 3121 Cf.
2869 3055 3052 3122 Ribb.

806 3168 963 3234 Ach.
1014 3168 1185 3233 Anh.
1234 3190 1296 3254 p.
1346 3170 1494 3231 290.

833 3307 842 3315 ·
896 3283 975 3348 In
1036 3282 1358 3368 tragoedia
1418 3304 1544 3346 non
1606 3282 1837 3362 statim,
1895 3283 2059 3347 sicut
2101 3282 2167 3347 in
2216 3284 2531 3349 comoedia
2579 3283 2641 3348 h.
2691 3283 2757 3362 l.,
2808 3307 3052 3350 versum

810 3398 980 3461 1019
1022 3402 1166 3482 post
1198 3393 1386 3459 verba
1424 3418 1510 3459 vs.
1555 3397 1721 3459 1015
1763 3416 1895 3479 sqq.
1922 3403 2326 3461 consecutum
2350 3420 2478 3461 esse
2506 3391 2787 3483 vixopus
2811 3405 2907 3462 est
2930 3421 3058 3485 mo-

807 3534 975 3576 nere.
1038 3509 1245 3575 Schol.
1312 3508 1408 3574 δια
1454 3511 1519 3574 τὸ
1563 3508 1898 3587 λαμβάνειν
1942 3508 2415 3589 οὶποσποὶσματα
2458 3510 2774 3576 ἀσύνδετον
2820 3513 2886 3578 τὸ
2931 3511 3059 3578 δ’λον

808 3624 1051 3703 γίνεται.
1115 3623 1285 3687 Ante
1337 3624 1413 3687 fr.
1481 3624 1606 3687 118
1674 3626 1782 3707 (vs.
1837 3625 2028 3706 1019)
2075 3646 2371 3688 resonans
2415 3623 2631 3689 Echus
2677 3647 2794 3690 vox
2839 3624 3056 3690 audita

808 3738 1001 3803 fuerit
1045 3760 1296 3801 necesse
1340 3742 1455 3800 est.
1502 3734 1691 3802 Porro
1738 3735 2186 3801 observandum
2229 3744 2324 3801 est
2363 3736 2846 3824 Aristophanem
2889 3738 3056 3805 hisce

807 3850 1131 3936 Euripidis
1187 3848 1388 3914 verbis
1447 3848 1541 3913 bis
1598 3850 1716 3929 uti,
1772 3849 1891 3913 hoc
1945 3850 2081 3914 loco
2129 3858 2193 3914 et
2238 3873 2324 3914 vs.
2378 3851 2568 3930 1077,
2617 3849 2726 3915 ubi
2772 3851 3061 3937 interpel-

806 3963 1043 4028 lantem
1089 3962 1263 4027 Echo
1309 3970 1383 4026 ut
1426 3970 1632 4027 tacere
1678 3962 1834 4026 velit
1878 3961 2157 4027 obsecrat
2204 3961 2665 4027 Mnesilochus:

1522 4073 1691 4140 ἔασόν
1738 4099 1819 4153 με
1865 4076 2216 4156 μονῳδῆσαι,

1260 4187 1364 4253 καὶ
1408 4195 1613 4269 χαριεῖ
1653 4212 1768 4266 μοι.
1819 4193 2067 4252 παῦσαι.

898 4302 1049 4367 Iure
1099 4325 1216 4366 vss.
1270 4304 1699 4366 1015—1021
1755 4301 2143 4366 Mnesilocho
2180 4302 2454 4396 reddidit
2491 4304 2672 4385 Beer,
2717 4304 2922 4373 Ueber
2962 4308 3066 4374 die

812 4414 964 4480 Zahl
1023 4414 1133 4480 der
1179 4414 1612 4501 Schauspieler
1660 4415 1759 4480 bei
1807 4418 2024 4502 Ar.·p.
2078 4418 2224 4480 166.
2272 4417 2420 4484 Non
2466 4419 2716 4504 quidem
2767 4423 2823 4486 ei
2868 4444 3070 4488 assen-

813 4530 939 4594 tior
1002 4527 1443 4593 contendenti:
1505 4578 1546 4608 ‚,
1567 4528 1755 4593 Ware
1816 4529 2153 4615 Euripides
2213 4531 2348 4595 hier
2403 4531 2598 4597 schon
2645 4534 3065 4619 ausgetreten,

814 4666 943 4723 „so
1003 4642 1240 4709 konnte
1297 4666 1363 4708 er
1423 4643 1604 4709 nicht
1644 4644 1836 4709 sehon
1882 4667 1972 4709 vs.
2026 4648 2194 4710 1021
2244 4646 2346 4711 die
2391 4645 2616 4712 Biihne
2664 4650 2886 4715 wieder
2938 4673 3070 4717 ver·
