3875 5634
1791 784 2260 831 Acunumsns.
3063 769 3101 830 9

895 962 1189 1039 „hastam
1217 1007 1233 1024 .
1262 1007 1277 1023 .
1307 1008 1322 1024 .
1353 1005 1368 1021 .
1417 979 1592 1042 qnam
1638 978 1766 1021 enm
1811 955 2095 1020 rasim-nt
2138 954 2488 1018 remediatus
2528 949 2655 1019 ese'
2701 954 2853 1019 satis
2891 951 3151 1018 obscura

896 1079 1083 1151 sunt3
1133 1071 1244 1136 lux
1293 1069 1546 1134 demum
1593 1067 1853 1153 affulget
1901 1092 1937 1133 e
1985 1066 2186 1132 verbis
2231 1066 2552 1153 Euripidis
2596 1068 2665 1133 in
2712 1067 2787 1132 fr.
2835 1066 2946 1132 all.

1407 1189 1692 1263 πριστοῖσι
1738 1180 1977 1261 λόγχης
2019 1179 2306 1258 θέλγεται
2353 1180 2671 1261 ῥινήμασιν.

988 1296 1125 1362 Iam
1164 1296 1491 1362 redeamus
1530 1293 1610 1358 ad
1650 1294 2149 1380 Aristophanem.
2189 1292 2267 1358 In
2300 1292 2956 1380 Thesmophoriazusis
2980 1275 3153 1358 socer
3199 1355 3205 1367 ,

898 1411 1227 1499 Euripidis
1265 1411 1429 1476 idem
1473 1408 1812 1473 committit
1850 1407 2091 1473 facinus
2128 1430 2198 1471 ac
2234 1406 2547 1494 Telephus
2576 1407 2835 1493 Hygini.
2875 1406 3147 1473 Circum·
3192 1372 3202 1481 i

900 1533 1127 1591 ventus
1187 1523 1266 1589 ab
1329 1523 1502 1589 iratis
1565 1520 1933 1588 mulieribus
1978 1522 2276 1586 infantem
2332 1523 2558 1605 (utrem
2607 1523 2759 1607 vini)
2811 1523 2997 1608 rapit,
3046 1521 3156 1585 mi·
3197 1515 3206 1579 ἶ

900 1640 1109 1705 nitans
1167 1663 1233 1703 se
1291 1660 1435 1702 eum
1482 1636 1830 1702 occisurum
1878 1660 1965 1701 vs.
2016 1639 2140 1699 689
2187 1657 2318 1720 sqq.
2370 1634 2593 1700 Verbis
2641 1636 2897 1721 tragicis
2944 1636 3156 1701 utitur
3206 1617 3212 1637 ³

899 1752 1363 1830 Mnesilochus3
1412 1750 1669 1838 parodia
1716 1758 1809 1815 est
1854 1750 2174 1816 manifesta
2194 1777 2212 1829 3
2260 1750 2401 1834 quis
2439 1773 2582 1815 vero
2622 1758 2717 1815 est
2752 1749 2864 1835 qui
2910 1748 2999 1814 ibi
3039 1751 3158 1814 Ae·

898 1867 1092 1952 schyli
1156 1864 1543 1950 tragoediam
1596 1864 1817 1950 respici
1861 1863 2229 1950 suspicetur,
2277 1864 2447 1947 quod
2492 1871 2700 1928 tamen
2748 1865 2859 1929 fiat
2906 1887 3155 1930 necesse

899 1988 993 2045 est
1040 1980 1093 2046 si
1137 1978 1337 2045 stabit
1382 1979 1726 2043 auctoritas
1767 1976 2130 2042 scholiastae
2176 1977 2334 2042 Ach.
2384 1979 2532 2041 332.

991 2099 1080 2163 At
1125 2116 1434 2182 ponamus
1480 2115 1626 2158 cum
1674 2089 2013 2156 Ribbeckio
2060 2098 2125 2156 et
2168 2093 2234 2156 in
2283 2091 2574 2177 Aeschyli
2621 2099 2686 2158 et
2723 2091 2789 2158 in
2830 2092 3155 2179 Euripidis

899 2214 1181 2279 dramate
1240 2207 1589 2294 Telephum
1653 2205 1937 2271 Orestem
1985 2206 2280 2293 rapuisse,
2328 2206 2498 2291 quod
2541 2214 2752 2272 tamen
2801 2207 2984 2273 nullo
3031 2208 3156 2273 alio
3201 2214 3208 2227 ”

900 2325 1311 2390 fundamento
1374 2329 1620 2408 praeter
1676 2320 1795 2385 hoc
1841 2323 2049 2406 ipsum
2094 2319 2399 2385 scholium
2445 2320 2698 2386 nititur.
2750 2320 2980 2386 Nonne
3022 2344 3159 2408 per-

902 2439 1130 2503 mirum
1199 2444 1296 2501 est
1365 2434 1776 2514 scholiastam,
1845 2456 2034 2518 quem
2102 2434 2217 2497 hoc
2276 2456 2400 2498 non
2461 2433 2707 2515 lateret,
2771 2435 3156 2520 Aeschylum

900 2553 1270 2629 nominasse,
1344 2549 1690 2635 Eurpidem
1754 2548 2004 2613 silentio
2073 2548 2501 2634 praeteriisse?
2580 2547 2720 2613 Imo
2789 2548 2960 2614 omni
3029 2551 3158 2615 veri

900 2666 1104 2752 specie
1165 2671 1356 2743 caret,
1406 2662 1908 2749 Dicaeopolidem
1958 2685 2076 2727 vss.
2104 2662 2477 2725 ,325—346
2526 2661 2941 2746 Aeschyleum
2987 2660 3162 2729 Tele-

901 2780 1097 2867 phum
1159 2779 1548 2866 expressisse,
1613 2799 1756 2842 cum
1820 2785 1885 2842 et
1926 2778 1993 2841 in
2040 2776 2116 2842 iis
2159 2797 2320 2860 quae
2366 2775 2750 2862 praecedunt
2798 2778 2924 2842 317
2976 2784 3044 2841 et
3090 2777 3158 2842 in

901 2895 977 2960 iis
1042 2916 1209 2979 quae
1281 2901 1639 2977 sequuntur
1705 2893 2055 2955 359-555
2115 2913 2241 2955 non
2305 2888 2629 2975 Aeschylei
2676 2890 2783 2955 sed
2829 2890 3161 2978 Euripidei

901 3008 1158 3095 Telephi
1207 3015 1416 3095 partes
1463 3013 1628 3091 agat.

992 3121 1442 3205 Quaerendum
1491 3129 1585 3185 est
1629 3121 1783 3205 quid
1821 3120 2013 3185 errori
2051 3142 2263 3185 ansam
2302 3119 2448 3184 dare
2488 3120 2789 3206 potuerit.
2841 3119 3159 3207 Scriptum

902 3239 1047 3316 fuit,
1094 3238 1162 3303 ni
1207 3235 1414 3314 fallor,
1461 3235 1527 3299 in
1564 3234 1830 3300 scholio:
1871 3235 1970 3301 τὸν
2009 3233 2430 3315 τραγῳδοποιόν
2469 3235 2604 3299 sine
2641 3240 2863 3319 poetae
2884 3235 3157 3300 nomine.

904 3350 1285 3416 Scholiastae
1346 3349 1413 3414 in
1471 3355 1683 3413 mente
1726 3348 1851 3413 fuit
1893 3347 2248 3434 Euripides,
2296 3348 2406 3432 qui
2450 3346 2600 3413 alibi
2643 3369 2899 3433 quoque
2945 3348 2973 3413 ὁ
3018 3372 3159 3430 τρα-

903 3466 1067 3544 γικός
1112 3463 1490 3552 appellatur‚
1540 3485 1596 3527 v.
1645 3486 1697 3528 c.
1747 3462 1952 3529 Schol.
2000 3461 2079 3528 Il.
2120 3460 2217 3527 IV
2261 3465 2386 3527 249
2430 3462 2526 3546 (fr.
2564 3462 2720 3527 Eur.
2764 3465 2918 3547 345)
2957 3456 3159 3527 Philo.

904 3586 952 3643 t.
1014 3576 1106 3642 II.
1173 3600 1233 3663 p.
1303 3577 1451 3655 537,
1513 3577 1663 3655 887,
1729 3575 1825 3641 ed.
1886 3575 2156 3661 Mangey
2218 3584 2266 3641 t.
2324 3574 2415 3639 11.
2463 3597 2523 3661 p.
2576 3577 2679 3657 53,
2729 3579 2897 3655 4693
2945 3585 3163 3663 postea

902 3690 1064 3755 alius
1123 3690 1284 3775 quis,
1333 3691 1443 3776 qui
1493 3690 1709 3755 drama
1752 3688 2166 3776 Euripideum
2214 3711 2339 3754 non
2387 3696 2662 3769 noverat,
2712 3712 2941 3756 nomen
2991 3691 3163 3756 addi-

907 3803 1003 3870 dit
1050 3803 1363 3889 Aeschyli.

993 3917 1312 3995 Ceterum,
1375 3917 1621 3982 collatis
1685 3916 2054 3983 Mnesilochi
2113 3916 2316 3982 verbis
2378 3917 2624 3983 Thesm.
2677 3920 2805 3983 998
2854 3942 3011 4004 sqq„
3061 3944 3165 4008 ap-

771 4086 779 4094 ,
901 4039 1080 4119 paret
1140 4030 1628 4118 Aristophanem
1690 4032 1755 4096 in
1798 4030 2301 4097 Acharnensibus
2349 4054 2446 4097 res
2489 4032 2810 4097 imitatum
2857 4057 2988 4098 esse
3037 4057 3161 4100 non

902 4145 1107 4212 verba.
1157 4144 1265 4210 Τὰ
1308 4145 1563 4223 μεγάλαι
1608 4144 1780 4220 πάθη
1822 4153 1931 4220 τῆς
1970 4146 2300 4227 τραγῳδίαις
2340 4146 2667 4227 ὑποπαίζει.
2713 4155 2789 4211 ut
2813 4148 2904 4211 ait
2929 4147 3160 4227 Schol.,

904 4282 1030 4325 nou
1099 4259 1443 4324 dictionem
1514 4258 1836 4342 tragicam.
1909 4258 2231 4346 Euripidis
2293 4260 2551 4324 fortasse
2609 4267 2705 4324 est
2766 4260 3039 4328 κατάθου
3096 4264 3163 4328 τὸ

903 4371 1098 4450 βέλος.
1164 4369 1560 4436 Vocabulum
1624 4370 1803 4449 βέλος
1846 4370 1942 4436 bis
1987 4380 2423 4457 praeterquam
2470 4372 2589 4437 hoc
2632 4373 2770 4439 loco
2816 4374 2885 4439 in
2910 4376 3164 4440 Aristo·

901 4486 1111 4574 phane
1177 4487 1449 4572 legitur:
1522 4484 1708 4572 Vesp.
1782 4489 1910 4551 615
1983 4485 2092 4552 ubi
2164 4487 2545 4566 Homerum3
2619 4489 2737 4553 ΑΥ.
2815 4490 2990 4553 1714
3050 4488 3164 4555 ubi

909 4601 1317 4687 Aeschylum,
1366 4610 1442 4667 ut
1484 4601 1754 4683 videtur,
1807 4601 2114 4668 imitatur.
