3875 5634
787 683 912 745 200
1625 701 1998 747 aprunam:
2048 702 2096 748 1.

744 887 997 930 suasum
1061 888 1193 929 esse
1251 865 1487 951 Hygini
1547 865 1792 931 fabulas
1853 889 1980 932 non
2046 867 2210 933 inter
2257 868 2460 934 fontes
2505 891 2634 933 esse
2681 867 2996 935 habendas

747 965 855 1030 ubi
903 967 968 1030 in
1018 973 1387 1050 argumenta
1432 967 1892 1050 tragoediarum
1944 967 2325 1033 Graecarum
2369 969 2782 1053 inquiramus,

834 1066 980 1131 Non
1027 1067 1199 1152 parvi
1245 1066 1531 1132 habenda
1576 1076 1672 1132 est
1716 1069 1928 1155 opinio
1973 1069 2089 1134 viri
2136 1068 2303 1133 docti
2344 1070 2580 1156 optime
2618 1069 2697 1134 de
2738 1066 2992 1154 Hygino

747 1169 974 1245 meriti,
1042 1189 1246 1252 neque
1305 1169 1555 1233 silentio
1617 1192 1751 1233 eam
1815 1171 2317 1255 praetermittere
2376 1170 2547 1235 lieet.
2612 1169 2840 1253 Itaque
2909 1192 3004 1234 ar-

749 1278 1046 1356 gumenta
1106 1269 1374 1348 afferam,
1423 1269 1655 1354 quibus
1701 1269 1961 1357 probare
2006 1270 2278 1336 conabor
2325 1293 2468 1336 eum
2516 1270 2634 1335 hac
2680 1271 2747 1335 in
2793 1293 2862 1335 re
2908 1294 3005 1335 ve-

750 1394 888 1436 rum
937 1393 1063 1436 non
1111 1371 1356 1435 vidisse.
1397 1430 1402 1437 .

841 1471 1076 1536 Verum
1136 1471 1390 1555 quidem
1447 1479 1542 1535 est
1585 1471 1910 1557 Hyginum
1959 1473 2059 1557 (ut
2104 1473 2219 1537 hoc
2267 1473 2520 1538 nomine
2567 1474 2733 1556 utar)
2781 1472 3006 1559 saepis-

753 1573 906 1638 sime
967 1574 1354 1637 narrationes
1416 1571 1742 1637 tradidisse
1804 1595 1959 1657 quas
2017 1596 2051 1636 e
2111 1574 2574 1659 tragoediarum
2619 1574 3007 1659 argumentis

752 1696 878 1739 non
947 1674 1191 1758 petivit,
1260 1681 1324 1736 at
1389 1672 1695 1738 nonnulla
1753 1680 1967 1738 tamen
2026 1682 2395 1759 argumenta
2453 1675 2520 1739 in
2583 1676 2719 1740 eius
2777 1673 3006 1739 fabulis

754 1782 993 1839 servata
1039 1798 1168 1838 esse
1212 1796 1338 1838 non
1385 1796 1583 1861 pauca
1628 1780 1778 1839 sunt
1822 1773 2077 1839 indicia.

848 1878 905 1939 1.
953 1874 1095 1939 Nisi
1159 1875 1368 1940 omnia
1423 1898 1521 1939 me
1578 1874 1826 1954 fallunt,
1885 1876 2208 1961 tragoedia
2269 1875 2612 1962 Euripidis,
2669 1875 3004 1962 Telephus,

757 1985 832 2040 ut
899 1977 974 2040 ad
1047 1976 1203 2039 Aah.
1267 1976 1390 2040 317
1449 1996 1577 2060 sqq.
1644 1983 1707 2040 et
1764 1974 2015 2040 Thesm.
2084 1979 2211 2041 692
2277 1977 2701 2042 demonstrare
2746 1983 3010 2042 conatus

758 2100 917 2154 sum,
989 2077 1078 2141 ita
1144 2099 1285 2141 cum
1351 2074 1470 2140 fab.
1541 2078 1661 2140 101
1731 2077 2065 2163 conspirat,
2128 2085 2204 2141 ut
2261 2078 2365 2141 vix
2412 2077 2679 2143 dubium
2725 2078 2809 2142 sit
2852 2078 3008 2163 quin

758 2179 1018 2264 scriptor
1080 2185 1192 2241 aut
1253 2184 1691 2269 argumentum
1756 2179 2001 2242 noverit
2059 2185 2174 2242 aut
2236 2201 2269 2242 e
2317 2178 2490 2242 fonte
2536 2177 2683 2243 inde
2731 2177 3010 2242 derivato

759 2280 1056 2344 hauserit.
1117 2281 1249 2343 Imo
1314 2279 1549 2362 Hygini
1619 2277 1800 2342 verba
1861 2302 2095 2363 „quam
2157 2278 2444 2362 (hastam)
2501 2304 2631 2343 eum
2675 2280 3006 2344 rasissent'’

760 2383 860 2445 vix
921 2380 1202 2464 intellegi
1248 2386 1512 2464 possunt
1558 2379 1679 2443 nisi
1729 2401 1872 2443 cum
1921 2380 2120 2464 ipsius
2164 2379 2521 2464 tragoediae
2570 2402 2752 2445 versu
2805 2378 3006 2444 confe-

761 2490 1007 2560 runtur,
1057 2482 1129 2545 fr.
1184 2482 1342 2544 725:
1391 2486 1675 2560 πριστοῖσι
1720 2479 1957 2560 λόγχης
2009 2480 2280 2558 θέλγεται
2327 2482 2648 2562 ῥινήμασιν.

855 2587 912 2645 2.
979 2582 1055 2646 In
1128 2580 1250 2646 fab.
1320 2583 1421 2658 19,
1483 2579 1764 2645 Phineus
1827 2581 2145 2667 inscripta,
2209 2581 2285 2645 de
2346 2602 2472 2665 qua
2531 2582 2631 2666 egi
2692 2580 2768 2645 ad
2832 2580 3007 2645 Plut.

768 2687 914 2763 635,
978 2683 1331 2767 tragoediae
1395 2682 1730 2765 vestigium
1791 2681 2080 2746 relictum
2144 2688 2239 2745 est
2303 2682 2368 2745 in
2417 2683 2810 2766 „Ha⁷7›yias,
2860 2704 3011 2767 quae

764 2785 922 2849 Iovis
981 2806 1153 2848 canes
1208 2806 1328 2846 esse
1387 2781 1732 2847 dic-untur.''
1794 2782 1975 2855 Ζηνὸς
2035 2782 2201 2853 κύνες
2262 2783 2324 2866 (i.
2388 2805 2440 2846 e.
2490 2784 2735 2866 γρῦπες)
2785 2783 3006 2848 Aesch.

765 2885 971 2950 Prom.
1020 2886 1183 2961 8033
1231 2882 1512 2961 μεγάλαις
1559 2884 1682 2947 θεοῦ
1731 2882 1879 2946 κύων
1927 2881 2110 2946 Pind.
2158 2882 2231 2946 fr.
2285 2884 2403 2962 733
2454 2883 2796 2963 Ἠφαιίστου
2844 2883 3010 2956 κύνες

768 2987 1001 3065 AlexiS,
1066 2985 1259 3049 Mein.
1327 2982 1431 3047 III
1496 3006 1553 3068 p.
1604 2986 1756 3061 452,
1805 2981 2118 3061 Eubulus,
2166 2982 2249 3048 ib.
2299 3006 2359 3069 p.
2411 2986 2575 3062 242;
2621 2990 2891 3067 uterque
2940 2984 3007 3047 in

767 3086 1038 3173 parodia.

858 3191 918 3252 3.
981 3186 1131 3252 Fab.
1200 3188 1325 3250 136
1383 3185 1532 3250 haee
1593 3183 1812 3249 habet:
1876 3233 1915 3263 „
1946 3186 2210 3250 Glaucus
2272 3186 2497 3250 Minois
2557 3193 2616 3249 et
2675 3186 3017 3269 Pasiphaae

756 3290 936 3375 filius
1002 3292 1138 3352 dum
1206 3289 1365 3351 ludit
1431 3288 1584 3369 pila,
1648 3287 1856 3350 cecidit
1915 3287 1981 3349 in
2039 3288 2260 3351 dolium
2322 3288 2492 3351 melle
2548 3288 2791 3369 plenum
2851 3309 3016 3373 quem

769 3415 896 3455 eum
927 3397 1213 3474 parentes
1259 3395 1604 3473 quaererent
1641 3388 1970 3470 Apollinem
2013 3389 2308 3452 sciscitati
2353 3395 2497 3452 sunt
2537 3391 2608 3452 de
2641 3411 2842 3471 puero·
2875 3389 3017 3458 Qui-

769 3493 874 3556 bus
939 3491 1144 3573 Apollo
1203 3489 1528 3570 respondit:
1597 3495 1914 3551 monstrum
1978 3489 2132 3552 vobis
2178 3496 2387 3553 natum
2429 3497 2552 3566 est3
2601 3493 2754 3573 quod
2790 3490 2846 3553 si
2889 3490 3018 3572 quis

769 3592 1026 3670 solverit,
1061 3612 1312 3673 puerum
1358 3590 1511 3653 vobis
1554 3589 1848 3653 restituet.
1900 3588 2121 3667 Minos,
2167 3597 2324 3653 sorte
2367 3591 2601 3670 audita,
2644 3591 2830 3673 eoepit
2869 3612 3020 3655 mon·

770 3702 958 3758 strum
995 3716 1035 3757 a
1079 3692 1206 3755 suis
1250 3712 1540 3773 quaerere,
1588 3690 1687 3753 cui
1730 3690 2013 3752 dixerunt
2059 3697 2269 3754 natum
2311 3711 2433 3755 esse
2476 3692 2751 3769 vitulum,
2792 3692 2893 3773 qui
2932 3697 3022 3754 ter

774 3795 838 3858 in
883 3795 976 3857 die
1035 3794 1276 3856 colorem
1334 3798 1589 3854 mutaret
1637 3813 1745 3872 per
1789 3797 2109 3873 quaternas
2155 3792 2346 3869 horas,
2388 3792 2644 3874 primum
2690 3793 2887 3856 album
2932 3813 3016 3855 se-

773 3899 959 3961 eundo
1017 3896 1256 3957 rubeum
1314 3892 1521 3955 deinde
1581 3892 1831 3973 niqrum.
1893 3892 2097 3955 Minos
2158 3900 2356 3956 autem
2414 3896 2499 3957 ad
2540 3900 2861 3956 monstrum
2907 3893 3020 3957 sol·

773 4000 1019 4063 vendam
1086 4016 1338 4075 auyures
1403 3996 1754 4055 convocavit.
1821 3993 1921 4074 qui
1981 4014 2109 4056 eum
2171 4016 2286 4055 non
2348 3994 2683 4057 invenirent
2731 3992 3022 4078 Polyidus

783 4096 1029 4162 Coerani
1076 4096 1257 4179 filius
1317 4093 1571 4156 Bizanti
1631 4093 1710 4174 (ἴ)
1775 4100 2092 4156 monstrum
2155 4095 2593 4172 demonstravit,
2656 4116 2785 4157 eum
2827 4093 3025 4159 arbori

774 4221 926 4262 moro
969 4197 1216 4261 similem
1260 4217 1418 4268 esse;
1467 4217 1604 4256 nam
1644 4193 1896 4274 primum
1943 4194 2139 4256 albam
2186 4202 2293 4271 est,
2344 4196 2552 4259 deinde
2593 4197 2852 4275 rubrum,
2893 4218 3024 4260 eam

772 4299 1173 4384 permaturuit
1229 4297 1481 4378 niqrum.
1529 4303 1672 4357 tune
1719 4294 1918 4357 Minos
1962 4295 2056 4358 ait
2100 4296 2156 4357 ei
2170 4321 2189 4357 .·
2237 4318 2365 4371 „ex
2411 4297 2708 4378 Apollinis
2753 4318 3022 4378 responso

778 4404 970 4484 filium
1031 4400 1177 4464 mihi
1235 4404 1453 4479 oportet
1509 4394 1853 4459 restituas.”
1922 4397 2092 4463 Quod
2135 4396 2422 4479 Polyidus
2469 4400 2608 4461 dum
2658 4403 3018 4479 auquratur,

781 4505 930 4572 vidit
988 4508 1260 4566 noctuam
1317 4519 1491 4579 super
1549 4498 1757 4560 cellam
1812 4496 2110 4560 vinariam
2169 4500 2457 4562 sedentem
2511 4505 2691 4583 atque
2735 4520 2873 4581 apes
2900 4498 3024 4583 fu·
