3875 5634
1479 735 1563 780 ms
1605 733 1964 778 raosmsus
2010 734 2355 781 sompnus.
2876 717 3002 780 205

806 929 969 972 mem
1014 905 1437 970 coniecturam
1482 907 1854 985 argumenta
1897 900 2149 965 afferam
2192 924 2268 965 ex
2308 900 2541 986 quibus
2578 910 2876 988 appareat
2900 902 3062 967 mul-

804 1016 903 1073 tas
968 1007 1159 1071 huius
1224 1000 1579 1088 tragoediae
1651 1011 1858 1088 partes
1925 1024 2051 1067 non
2117 1001 2465 1079 cohaerere,
2531 1003 2870 1067 nonnullas
2931 1010 3063 1067 tam

812 1110 1089 1195 dispares
1138 1128 1269 1170 esse
1315 1111 1391 1168 ut
1436 1102 1600 1168 inter
1645 1125 1711 1168 se
1759 1126 1840 1169 ne
1883 1103 2205 1168 conciliari
2254 1103 2512 1187 quidem
2557 1104 2821 1188 possint.

900 1213 958 1274 1.
1008 1204 1344 1288 Προλογίζει
1411 1203 1757 1290 Neptunus
1814 1204 2038 1269 Troiae
2100 1227 2137 1267 a
2200 1203 2455 1268 Graecis
2518 1211 2735 1290 captae
2796 1204 3061 1270 infortu-

809 1311 984 1377 nium
1058 1308 1378 1372 miserans.
1450 1304 1729 1391 Exponit
1786 1327 1948 1390 quae
2009 1305 2171 1370 facta
2233 1306 2381 1384 sint,
2449 1305 2744 1371 Troianas
2791 1306 3069 1391 captivas

808 1413 982 1476 intus
1045 1409 1391 1495 proximam
1456 1407 1713 1472 domum
1779 1415 2023 1472 coactas
2091 1430 2222 1472 esse
2285 1415 2349 1471 et
2393 1407 2740 1487 mulierem,
2792 1427 2954 1491 quae
3001 1408 3067 1472 in

814 1534 997 1577 scena
1037 1510 1372 1596 conspicua
1419 1517 1553 1573 erat
1599 1508 1749 1573 foris
1793 1509 2021 1587 iacens,
2069 1510 2358 1573 miseram
2409 1530 2539 1572 esse
2583 1506 2932 1587 Hecubam,
2975 1531 3061 1573 VS.

815 1615 1079 1676 36-44
1121 1610 1191 1696 ¹).
1256 1609 1605 1675 Intervenit
1658 1608 1965 1673 Minerva.
2015 1609 2358 1674 Profitetur
2404 1632 2467 1673 se
2514 1609 2891 1673 sententiam
2939 1631 3101 1695 mug

813 1722 995 1793 tasse,
1043 1711 1384 1796 odiumque
1430 1733 1556 1796 quo
1601 1710 1668 1775 in
1704 1710 2007 1775 Troianos
2047 1711 2368 1796 flagrasset
2406 1710 2762 1795 deposuisse
2799 1718 2864 1775 et
2888 1709 3075 1775 Grae-

816 1815 904 1879 cis
952 1814 1116 1878 mala
1162 1812 1366 1877 moliri
1415 1835 1501 1876 vs.
1555 1814 1658 1891 65,

1170 1912 1304 1986 τοὺς
1353 1913 1464 1991 μὲν
1508 1915 1635 1993 πρὶν
1680 1913 1917 1993 ἐχθροὺς
1965 1917 2175 1992 Τρῶας
2239 1913 2525 1991 εὐφρᾶναι
2571 1912 2734 1990 θέλω,

1176 2016 1405 2095 στρατῷ
1453 2013 1505 2077 δ’
1554 2014 1827 2092 Ἀχαιῶν
1874 2013 2070 2077 νόστον
2117 2011 2416 2090 ἐμβαλεῖν
2463 2012 2672 2094 πικρόν.

910 2114 1174 2178 Causam
1220 2112 1410 2176 huius
1455 2112 1701 2176 consilii
1750 2112 2001 2196 quaerit
2046 2111 2394 2200 Neptunus
2440 2122 2504 2177 et
2544 2122 2723 2200 rogat
2762 2114 2918 2199 quid
2954 2115 3074 2180 fac·

822 2223 968 2280 tura
1013 2215 1117 2292 sit,
1165 2213 1270 2277 cui
1313 2213 1426 2277 ina
1471 2213 1700 2277 iterum
1749 2236 1837 2277 vs.
1889 2215 1923 2278 7
1936 2216 2008 2277 5:

1179 2315 1454 2387 δύστηνον
1501 2316 1699 2386 αὐτοῖς
1748 2314 1945 2379 νόστον
1990 2314 2289 2392 ἐμβκλεῖν
2339 2315 2498 2380 θέλω.

911 2416 1255 2502 Neptunus
1318 2415 1637 2479 Minervae
1694 2415 2025 2480 consilium
2090 2414 2331 2501 probat,
2382 2414 2825 2499 digrediuntur
2872 2416 3080 2481 omnia

823 2517 1101 2605 paraturi
1163 2515 1393 2600 quibus
1458 2517 1805 2581 infaustum
1851 2515 2119 2581 reddant
2166 2515 2441 2581 reditum
2489 2516 2890 2595 Graecorum,
2939 2538 3077 2602 pro·

826 2618 1033 2697 cellas,
1081 2617 1368 2681 fulmina.
1417 2617 1507 2680 At
1551 2616 1714 2682 diras
1761 2618 1976 2681 iactati
2022 2618 2222 2682 minas
2266 2616 2428 2682 nihil
2473 2626 2806 2704 peragunt.

913 2718 1306 2804 Reputemus
1345 2715 1529 2782 verba
1575 2717 1808 2801 quibus
1854 2725 2104 2805 perorat
2139 2718 2521 2804 Neptunus:

1182 2823 1366 2897 μῶρος
1413 2817 1476 2882 δὲ
1523 2820 1736 2892 θνητῶν
1779 2817 1936 2892 ὅστις
1984 2821 2266 2901 ἐκπορθῶν
2307 2819 2505 2892 πόλεις

1184 2966 1667 2983 ........
1715 2920 1892 2992 αὐτὸς
1940 2919 2103 2984 ὤλεθ’
2150 2917 2395 3001 ὕστερον.

826 3021 906 3086 In
951 3020 1230 3086 dramate
1274 3020 1388 3083 tali
1434 3019 1691 3104 prologo
1736 3020 2048 3084 instructo
2087 3019 2165 3084 de
2213 3019 2597 3086 Graecorum
2641 3028 2784 3108 post
2829 3021 3078 3087 Troiam

831 3128 1071 3209 captam
1146 3120 1508 3185 infortuniis
1577 3142 1777 3185 sermo
1839 3119 2062 3185 saltem
2122 3121 2233 3185 fiat
2294 3144 2542 3186 necesse
2604 3129 2717 3186 est.
2781 3121 2958 3188 Inter
3018 3146 3082 3187 se

830 3222 1060 3310 opponi
1136 3221 1369 3286 debent
1441 3221 1731 3306 superbia
1809 3221 2116 3286 victorum
2192 3230 2257 3286 et
2338 3222 2597 3287 deorum
2658 3222 2922 3288 iustitia.
2993 3225 3082 3289 At

827 3326 980 3390 haec
1049 3324 1255 3389 omnia
1315 3324 1381 3387 in
1442 3320 1787 3389 Troadibus
1843 3345 1923 3387 ne
1985 3321 2171 3387 verbo
2217 3321 2477 3408 quidem
2528 3323 2967 3409 attinguntur3
3015 3325 3084 3388 in

828 3425 1099 3491 transitu
1166 3425 1334 3488 canit
1394 3422 1705 3489 Casandra
1767 3446 2005 3489 errores
2063 3423 2326 3509 Ulyssis‚
2390 3425 2499 3488 sed
2563 3425 2747 3488 finem
2789 3424 3085 3490 dramatis

829 3527 976 3592 facit
1035 3526 1397 3590 incendium
1462 3524 1631 3589 urbis
1642 3552 1660 3603 ;
1723 3524 2184 3611 triumphantes
2246 3533 2311 3590 et
2370 3523 2802 3610 superbientes
2848 3524 3088 3592 abeunt

832 3628 1214 3693 Graecorum
1261 3648 1454 3709 reges,
1500 3647 1727 3711 poenas
1778 3623 2104 3710 superbiae
2150 3625 2305 3690 dant
2350 3623 2579 3690 nullas.

920 3727 1148 3811 Neque
1196 3726 1409 3812 poenis
1456 3725 1520 3789 in
1570 3724 1685 3788 hoc
1732 3726 2011 3790 dramate
2058 3725 2234 3791 locus
2283 3732 2396 3789 est.
2441 3724 2730 3790 Fuerunt
2774 3726 2884 3810 qui
2931 3725 3090 3791 arbi·

902 3997 939 4059 ¹)
973 3997 1080 4046 Hos
1112 4013 1279 4047 versus
1311 3998 1528 4061 legentes
1564 4004 1873 4061 expectamus
1909 3998 2014 4047 sore
2049 4004 2106 4046 ut
2139 4004 2253 4062 post
2287 4014 2356 4047 vs.
2393 3997 2457 4049 47
2495 4005 2642 4063 caput
2676 3998 2899 4048 sublevet
2917 4001 3087 4063 regins

835 4082 885 4124 et
934 4076 1069 4141 loqui
1121 4077 1356 4126 ordiatur.
1415 4076 1554 4124 Hanc
1603 4076 1735 4125 enim
1783 4076 1943 4139 legem
1991 4077 2043 4125 in
2086 4077 2316 4125 omnibus
2361 4093 2482 4142 quae
2520 4084 2785 4142 supersunt
2822 4079 3090 4143 tragoediis

836 4156 1054 4219 sequitur
1090 4148 1351 4221 Euripides
1384 4163 1440 4203 ut
1476 4156 1517 4203 is
1554 4156 1636 4219 qui
1672 4155 1900 4204 adveniat
1934 4161 2021 4203 aut
2060 4156 2156 4204 inm
2192 4156 2246 4204 in
2282 4172 2425 4203 scena
2462 4155 2608 4213 adsit,
2640 4157 2847 4206 simulac
2885 4160 2995 4222 quis
3023 4159 3091 4208 sit

837 4242 1087 4285 narratum
1139 4241 1213 4284 est
1259 4235 1336 4283 vel
1389 4235 1556 4298 potius
1608 4234 1813 4283 simulac
1867 4234 1958 4283 ille
2014 4235 2096 4298 qui
2146 4236 2368 4283 narravit
2400 4236 2548 4285 finem
2582 4235 2775 4285 dicendi
2815 4237 2949 4295 feeit,
2984 4255 3093 4303 pro·

837 4314 947 4363 dest
998 4322 1046 4362 et
1091 4315 1237 4363 verba
1281 4315 1438 4362 facere
1481 4313 1701 4378 incipiat.
1753 4313 1862 4362 vid.
1925 4330 1970 4362 v.
2008 4330 2048 4362 c.
2086 4313 2194 4362 Alc.
2233 4315 2312 4371 24,
2350 4315 2431 4373 29,
2468 4315 2672 4380 Hippol.
2711 4318 2789 4373 53,
2829 4317 2907 4375 58,
2944 4317 3089 4366 Herc.

838 4394 932 4441 fur.
971 4394 1049 4451 14,
1087 4395 1165 4442 64.
1207 4392 1590 4451 Unae‘Troades
1625 4392 1685 4442 ab
1719 4393 1809 4441 hac
1841 4393 1949 4457 lege
1985 4393 2230 4443 recedunt.
2271 4393 2412 4457 Quod
2448 4404 2612 4444 tamen
2653 4411 2752 4444 non
2786 4412 2950 4460 urgeo,
2979 4413 3089 4447 eum

839 4479 915 4522 tot
967 4471 1224 4537 Euripidis
1264 4472 1458 4521 fabulae
1508 4472 1747 4537 perierint
1798 4471 1856 4520 de
1908 4488 2113 4537 quarum
2165 4474 2525 4539 compositione
2567 4474 2699 4523 nibil
2736 4476 2974 4525 traditum
3010 4477 3093 4526 sit.

842 4552 1067 4601 Fortasse
1104 4552 1156 4601 in
1187 4550 1461 4601 Troadibus
1496 4551 1727 4616 Aeschyli
1761 4552 2039 4616 exemplum
2070 4561 2265 4603 secutus
2291 4560 2367 4603 est
2394 4553 2453 4603 de
2481 4570 2576 4619 quo
2606 4553 2702 4604 vid.
2734 4554 2809 4605 ad.
2830 4556 2952 4606 Rau.
2972 4557 3092 4607 884.
