<?xml version="1.0" encoding="UTF-8"?>
<!DOCTYPE html PUBLIC "-//W3C//DTD XHTML 1.0 Transitional//EN"
    "http://www.w3.org/TR/xhtml1/DTD/xhtml1-transitional.dtd">
<html xmlns="http://www.w3.org/1999/xhtml" xml:lang="en" lang="en">
 <head>
  <title>
</title>
<meta http-equiv="Content-Type" content="text/html;charset=utf-8" />
  <meta name='ocr-system' content='tesseract 3.04.00' />
  <meta name='ocr-capabilities' content='ocr_page ocr_carea ocr_par ocr_line ocrx_word'/>
</head>
<body>
  <div class='ocr_page' id='page_1' title='image "./deparodiaincomo03bakhgoog_0015.png"; bbox 0 0 3875 5634; ppageno 0'>
   <div class='ocr_carea' id='block_1_1' title="bbox 1786 757 3060 807">
    <p class='ocr_par' dir='ltr' id='par_1_1' title="bbox 1786 757 3060 807">
     <span class='ocr_line' id='line_1_1' title="bbox 1786 757 3060 807; baseline 0.004 -5"><span class='ocrx_word' id='word_1_1' title='bbox 1786 757 2161 804; x_wconf 64' lang='lat' dir='ltr'><strong>PRAEFATIO.</strong></span> <span class='ocrx_word' id='word_1_2' title='bbox 2961 760 3060 807; x_wconf 78' lang='lat' dir='ltr'><strong>vn</strong></span> 
     </span>
    </p>
   </div>
   <div class='ocr_carea' id='block_1_2' title="bbox 850 924 3140 4432">
    <p class='ocr_par' dir='ltr' id='par_1_2' title="bbox 850 924 3140 2494">
     <span class='ocr_line' id='line_1_2' title="bbox 850 924 3140 1018; baseline -0.002 -21"><span class='ocrx_word' id='word_1_3' title='bbox 850 931 1088 1018; x_wconf 83' lang='lat' dir='ltr'><strong>Magna</strong></span> <span class='ocrx_word' id='word_1_4' title='bbox 1154 930 1443 995; x_wconf 83' lang='lat' dir='ltr'><strong>cautione</strong></span> <span class='ocrx_word' id='word_1_5' title='bbox 1502 928 1638 993; x_wconf 89' lang='lat' dir='ltr'><strong>eius</strong></span> <span class='ocrx_word' id='word_1_6' title='bbox 1696 926 2004 992; x_wconf 91' lang='lat' dir='ltr'><strong>iudicium</strong></span> <span class='ocrx_word' id='word_1_7' title='bbox 2065 924 2491 991; x_wconf 87' lang='lat' dir='ltr'><strong>adhibendum</strong></span> <span class='ocrx_word' id='word_1_8' title='bbox 2546 950 2678 991; x_wconf 89' lang='lat' dir='ltr'><strong>esse</strong></span> <span class='ocrx_word' id='word_1_9' title='bbox 2725 924 2834 991; x_wconf 90' lang='lat' dir='ltr'><strong>ubi</strong></span> <span class='ocrx_word' id='word_1_10' title='bbox 2880 949 3088 992; x_wconf 88' lang='lat' dir='ltr'><strong>rerum</strong></span> <span class='ocrx_word' id='word_1_11' title='bbox 3135 948 3140 955; x_wconf 88' lang='lat'><strong>·</strong></span> 
     </span>
     <span class='ocr_line' id='line_1_3' title="bbox 853 1038 3098 1124; baseline -0.002 -13"><span class='ocrx_word' id='word_1_12' title='bbox 853 1045 1214 1111; x_wconf 87' lang='lat' dir='ltr'><strong>testimonia</strong></span> <span class='ocrx_word' id='word_1_13' title='bbox 1274 1066 1401 1108; x_wconf 90' lang='lat' dir='ltr'><strong>non</strong></span> <span class='ocrx_word' id='word_1_14' title='bbox 1464 1042 1691 1122; x_wconf 78' lang='lat' dir='ltr'><strong>adsint,</strong></span> <span class='ocrx_word' id='word_1_15' title='bbox 1741 1063 1816 1105; x_wconf 80' lang='lat' dir='ltr'><strong>ex</strong></span> <span class='ocrx_word' id='word_1_16' title='bbox 1860 1040 1938 1105; x_wconf 89' lang='lat' dir='ltr'><strong>iis</strong></span> <span class='ocrx_word' id='word_1_17' title='bbox 1985 1062 2147 1124; x_wconf 89' lang='lat' dir='ltr'><strong>quae</strong></span> <span class='ocrx_word' id='word_1_18' title='bbox 2185 1038 2415 1105; x_wconf 79' lang='lat' dir='ltr'>Pericli</span> <span class='ocrx_word' id='word_1_19' title='bbox 2460 1048 2526 1105; x_wconf 92' lang='lat' dir='ltr'><strong>et</strong></span> <span class='ocrx_word' id='word_1_20' title='bbox 2571 1039 2805 1104; x_wconf 84' lang='lat' dir='ltr'><strong>Socrati</strong></span> <span class='ocrx_word' id='word_1_21' title='bbox 2856 1041 3098 1106; x_wconf 86' lang='lat' dir='ltr'>crimini</span> 
     </span>
     <span class='ocr_line' id='line_1_4' title="bbox 855 1153 3105 1243; baseline -0.002 -19"><span class='ocrx_word' id='word_1_22' title='bbox 855 1159 1031 1225; x_wconf 81' lang='lat' dir='ltr'>dedit</span> <span class='ocrx_word' id='word_1_23' title='bbox 1075 1157 1237 1222; x_wconf 88' lang='lat' dir='ltr'><strong>effici</strong></span> <span class='ocrx_word' id='word_1_24' title='bbox 1285 1163 1510 1243; x_wconf 88' lang='lat' dir='ltr'><strong>potest,</strong></span> <span class='ocrx_word' id='word_1_25' title='bbox 1557 1157 1682 1220; x_wconf 93' lang='lat' dir='ltr'><strong>imo</strong></span> <span class='ocrx_word' id='word_1_26' title='bbox 1731 1178 1765 1219; x_wconf 94' lang='lat' dir='ltr'><strong>e</strong></span> <span class='ocrx_word' id='word_1_27' title='bbox 1810 1154 1965 1220; x_wconf 89' lang='lat' dir='ltr'><strong>locis</strong></span> <span class='ocrx_word' id='word_1_28' title='bbox 2014 1176 2140 1219; x_wconf 90' lang='lat' dir='ltr'><strong>non</strong></span> <span class='ocrx_word' id='word_1_29' title='bbox 2195 1154 2412 1240; x_wconf 86' lang='lat' dir='ltr'><strong>paucis</strong></span> <span class='ocrx_word' id='word_1_30' title='bbox 2458 1162 2717 1240; x_wconf 87' lang='lat' dir='ltr'><strong>apparet</strong></span> <span class='ocrx_word' id='word_1_31' title='bbox 2753 1176 2893 1218; x_wconf 91' lang='lat' dir='ltr'><strong>eum</strong></span> <span class='ocrx_word' id='word_1_32' title='bbox 2942 1153 3105 1219; x_wconf 88' lang='lat' dir='ltr'>nihil</span> 
     </span>
     <span class='ocr_line' id='line_1_5' title="bbox 855 1266 3108 1353; baseline -0.003 -15"><span class='ocrx_word' id='word_1_33' title='bbox 855 1271 978 1338; x_wconf 92' lang='lat' dir='ltr'><strong>sibi</strong></span> <span class='ocrx_word' id='word_1_34' title='bbox 1032 1272 1328 1337; x_wconf 90' lang='lat' dir='ltr'><strong>illicitum</strong></span> <span class='ocrx_word' id='word_1_35' title='bbox 1390 1269 1641 1335; x_wconf 81' lang='lat' dir='ltr'><strong>duxisse</strong></span> <span class='ocrx_word' id='word_1_36' title='bbox 1702 1290 1828 1353; x_wconf 93' lang='lat' dir='ltr'><strong>quo</strong></span> <span class='ocrx_word' id='word_1_37' title='bbox 1886 1266 2142 1332; x_wconf 90' lang='lat' dir='ltr'><strong>laudem</strong></span> <span class='ocrx_word' id='word_1_38' title='bbox 2203 1267 2581 1332; x_wconf 76' lang='lat' dir='ltr'><strong>detrectaret</strong></span> <span class='ocrx_word' id='word_1_39' title='bbox 2642 1289 2768 1351; x_wconf 88' lang='lat' dir='ltr'><strong>qua</strong></span> <span class='ocrx_word' id='word_1_40' title='bbox 2812 1267 2949 1332; x_wconf 91' lang='lat' dir='ltr'><strong>eius</strong></span> <span class='ocrx_word' id='word_1_41' title='bbox 2992 1268 3108 1332; x_wconf 91' lang='lat' dir='ltr'><strong>ini·</strong></span> 
     </span>
     <span class='ocr_line' id='line_1_6' title="bbox 856 1381 3111 1467; baseline -0.002 -15"><span class='ocrx_word' id='word_1_42' title='bbox 856 1388 1058 1452; x_wconf 89' lang='lat' dir='ltr'><strong>micus</strong></span> <span class='ocrx_word' id='word_1_43' title='bbox 1111 1384 1457 1450; x_wconf 83' lang='lat' dir='ltr'><strong>fruebatur.</strong></span> <span class='ocrx_word' id='word_1_44' title='bbox 1526 1381 1725 1448; x_wconf 88' lang='lat' dir='ltr'><strong>Cuius</strong></span> <span class='ocrx_word' id='word_1_45' title='bbox 1787 1381 2070 1446; x_wconf 88' lang='lat' dir='ltr'><strong>dramata</strong></span> <span class='ocrx_word' id='word_1_46' title='bbox 2128 1381 2347 1467; x_wconf 89' lang='lat' dir='ltr'><strong>quanti</strong></span> <span class='ocrx_word' id='word_1_47' title='bbox 2409 1381 2874 1446; x_wconf 81' lang='lat' dir='ltr'><strong>aestimaverint</strong></span> <span class='ocrx_word' id='word_1_48' title='bbox 2919 1381 3111 1447; x_wconf 86' lang='lat' dir='ltr'><strong>Athe-</strong></span> 
     </span>
     <span class='ocr_line' id='line_1_7' title="bbox 855 1492 3111 1583; baseline -0.003 -16"><span class='ocrx_word' id='word_1_49' title='bbox 855 1502 1103 1568; x_wconf 87' lang='lat' dir='ltr'><strong>nienses</strong></span> <span class='ocrx_word' id='word_1_50' title='bbox 1163 1500 1216 1564; x_wconf 85' lang='lat' dir='ltr'><strong>si</strong></span> <span class='ocrx_word' id='word_1_51' title='bbox 1283 1521 1408 1564; x_wconf 91' lang='lat' dir='ltr'><strong>non</strong></span> <span class='ocrx_word' id='word_1_52' title='bbox 1464 1492 1717 1563; x_wconf 84' lang='lat' dir='ltr'><strong>aliunde</strong></span> <span class='ocrx_word' id='word_1_53' title='bbox 1773 1502 1996 1561; x_wconf 80' lang='lat' dir='ltr'><strong>notum</strong></span> <span class='ocrx_word' id='word_1_54' title='bbox 2063 1503 2226 1560; x_wconf 85' lang='lat' dir='ltr'><strong>esset·</strong></span> <span class='ocrx_word' id='word_1_55' title='bbox 2274 1518 2348 1560; x_wconf 83' lang='lat' dir='ltr'><strong>ex</strong></span> <span class='ocrx_word' id='word_1_56' title='bbox 2397 1493 2632 1560; x_wconf 85' lang='lat' dir='ltr'><strong>acerbis</strong></span> <span class='ocrx_word' id='word_1_57' title='bbox 2677 1495 3111 1583; x_wconf 80' lang='lat' dir='ltr'><strong>Aristophanis</strong></span> 
     </span>
     <span class='ocr_line' id='line_1_8' title="bbox 856 1600 3111 1702; baseline -0.001 -22"><span class='ocrx_word' id='word_1_58' title='bbox 856 1614 1128 1702; x_wconf 89' lang='lat' dir='ltr'><strong>parodiis</strong></span> <span class='ocrx_word' id='word_1_59' title='bbox 1188 1613 1342 1679; x_wconf 89' lang='lat' dir='ltr'><strong>disci</strong></span> <span class='ocrx_word' id='word_1_60' title='bbox 1399 1617 1624 1699; x_wconf 88' lang='lat' dir='ltr'><strong>posset.</strong></span> <span class='ocrx_word' id='word_1_61' title='bbox 1675 1611 1819 1693; x_wconf 81' lang='lat' dir='ltr'><strong>Quo</strong></span> <span class='ocrx_word' id='word_1_62' title='bbox 1865 1619 2080 1676; x_wconf 87' lang='lat' dir='ltr'><strong>autem</strong></span> <span class='ocrx_word' id='word_1_63' title='bbox 2126 1611 2336 1675; x_wconf 89' lang='lat' dir='ltr'><strong>animo</strong></span> <span class='ocrx_word' id='word_1_64' title='bbox 2383 1609 2720 1696; x_wconf 82' lang='lat' dir='ltr'><strong>Euripides</strong></span> <span class='ocrx_word' id='word_1_65' title='bbox 2766 1610 2875 1675; x_wconf 90' lang='lat' dir='ltr'><strong>has</strong></span> <span class='ocrx_word' id='word_1_66' title='bbox 2929 1600 3111 1677; x_wconf 68' lang='lat' dir='ltr'><strong>cairil·</strong></span> 
     </span>
     <span class='ocr_line' id='line_1_9' title="bbox 854 1723 3109 1808; baseline -0 -15"><span class='ocrx_word' id='word_1_67' title='bbox 854 1728 1121 1794; x_wconf 90' lang='lat' dir='ltr'><strong>lationes</strong></span> <span class='ocrx_word' id='word_1_68' title='bbox 1178 1725 1403 1791; x_wconf 89' lang='lat' dir='ltr'><strong>tulerit</strong></span> <span class='ocrx_word' id='word_1_69' title='bbox 1461 1748 1589 1791; x_wconf 90' lang='lat' dir='ltr'><strong>non</strong></span> <span class='ocrx_word' id='word_1_70' title='bbox 1657 1724 1970 1804; x_wconf 79' lang='lat' dir='ltr'><strong>traditur3</strong></span> <span class='ocrx_word' id='word_1_71' title='bbox 2019 1724 2236 1789; x_wconf 85' lang='lat' dir='ltr'><strong>fecisse</strong></span> <span class='ocrx_word' id='word_1_72' title='bbox 2281 1723 2535 1789; x_wconf 84' lang='lat' dir='ltr'><strong>videtur</strong></span> <span class='ocrx_word' id='word_1_73' title='bbox 2583 1724 2754 1808; x_wconf 92' lang='lat' dir='ltr'><strong>quod</strong></span> <span class='ocrx_word' id='word_1_74' title='bbox 2799 1725 3109 1791; x_wconf 78' lang='lat' dir='ltr'><strong>faciebant</strong></span> 
     </span>
     <span class='ocr_line' id='line_1_10' title="bbox 855 1837 3108 1929; baseline 0 -23"><span class='ocrx_word' id='word_1_75' title='bbox 855 1842 1140 1929; x_wconf 88' lang='lat' dir='ltr'><strong>plerique</strong></span> <span class='ocrx_word' id='word_1_76' title='bbox 1199 1840 1306 1905; x_wconf 90' lang='lat' dir='ltr'><strong>illa</strong></span> <span class='ocrx_word' id='word_1_77' title='bbox 1365 1847 1604 1904; x_wconf 84' lang='lat' dir='ltr'><strong>aetate:</strong></span> <span class='ocrx_word' id='word_1_78' title='bbox 1674 1840 1829 1903; x_wconf 88' lang='lat' dir='ltr'><strong>iram</strong></span> <span class='ocrx_word' id='word_1_79' title='bbox 1887 1837 2174 1904; x_wconf 87' lang='lat' dir='ltr'><strong>cohibere</strong></span> <span class='ocrx_word' id='word_1_80' title='bbox 2238 1845 2303 1903; x_wconf 90' lang='lat' dir='ltr'><strong>et</strong></span> <span class='ocrx_word' id='word_1_81' title='bbox 2357 1845 2563 1903; x_wconf 90' lang='lat' dir='ltr'><strong>tacere</strong></span> <span class='ocrx_word' id='word_1_82' title='bbox 2580 1865 2597 1916; x_wconf 71' lang='grc' dir='ltr'><strong><em>ς</em></strong></span> <span class='ocrx_word' id='word_1_83' title='bbox 2645 1861 2813 1904; x_wconf 89' lang='lat' dir='ltr'><strong>unus</strong></span> <span class='ocrx_word' id='word_1_84' title='bbox 2858 1847 3108 1906; x_wconf 89' lang='lat' dir='ltr'><strong>tantum</strong></span> 
     </span>
     <span class='ocr_line' id='line_1_11' title="bbox 856 1936 3127 2039; baseline 0 -20"><span class='ocrx_word' id='word_1_85' title='bbox 856 1961 1031 2019; x_wconf 80' lang='lat' dir='ltr'><strong>extat</strong></span> <span class='ocrx_word' id='word_1_86' title='bbox 1111 1953 1283 2019; x_wconf 88' lang='lat' dir='ltr'><strong>locus</strong></span> <span class='ocrx_word' id='word_1_87' title='bbox 1364 1949 1474 2017; x_wconf 91' lang='lat' dir='ltr'><strong>ubi</strong></span> <span class='ocrx_word' id='word_1_88' title='bbox 1556 1951 1632 2016; x_wconf 94' lang='lat' dir='ltr'><strong>de</strong></span> <span class='ocrx_word' id='word_1_89' title='bbox 1718 1952 2128 2038; x_wconf 85' lang='lat' dir='ltr'><strong>protervitate</strong></span> <span class='ocrx_word' id='word_1_90' title='bbox 2210 1959 2541 2039; x_wconf 87' lang='lat' dir='ltr'><strong>poetarum</strong></span> <span class='ocrx_word' id='word_1_91' title='bbox 2629 1948 2916 2036; x_wconf 85' lang='lat' dir='ltr'><strong>queritur</strong></span> <span class='ocrx_word' id='word_1_92' title='bbox 3000 1936 3127 2038; x_wconf 56' lang='lat' dir='ltr'><strong>qui‘</strong></span> 
     </span>
     <span class='ocr_line' id='line_1_12' title="bbox 859 2064 3108 2149; baseline -0.001 -16"><span class='ocrx_word' id='word_1_93' title='bbox 859 2117 898 2145; x_wconf 90' lang='lat'><strong>„</strong></span> <span class='ocrx_word' id='word_1_94' title='bbox 914 2067 1173 2147; x_wconf 75' lang='grc' dir='ltr'><strong><em>γέλωτος</em></strong></span> <span class='ocrx_word' id='word_1_95' title='bbox 1234 2064 1438 2131; x_wconf 74' lang='grc' dir='ltr'><strong><em>οὕνεκα</em></strong></span> <span class='ocrx_word' id='word_1_96' title='bbox 1495 2067 1742 2131; x_wconf 66' lang='grc' dir='ltr'><strong><em>ἀσκοῦσι</em></strong></span> <span class='ocrx_word' id='word_1_97' title='bbox 1801 2065 2061 2147; x_wconf 60' lang='grc' dir='ltr'><strong>χάριτας</strong></span> <span class='ocrx_word' id='word_1_98' title='bbox 2118 2065 2471 2147; x_wconf 50' lang='lat' dir='ltr'><strong>ammon?</strong></span> <span class='ocrx_word' id='word_1_99' title='bbox 2533 2073 2597 2131; x_wconf 86' lang='lat' dir='ltr'><strong>et</strong></span> <span class='ocrx_word' id='word_1_100' title='bbox 2664 2072 2918 2145; x_wconf 63' lang='grc' dir='ltr'><strong><em>»σοφῶν</em></strong></span> <span class='ocrx_word' id='word_1_101' title='bbox 2984 2067 3108 2149; x_wconf 74' lang='grc' dir='ltr'><strong>πέρι</strong></span> 
     </span>
     <span class='ocr_line' id='line_1_13' title="bbox 858 2177 3109 2265; baseline 0 -20"><span class='ocrx_word' id='word_1_102' title='bbox 858 2181 1107 2262; x_wconf 68' lang='grc' dir='ltr'><strong>ἀχάλιν’</strong></span> <span class='ocrx_word' id='word_1_103' title='bbox 1167 2178 1370 2259; x_wconf 79' lang='grc' dir='ltr'><strong><em>ἔχουσι</em></strong></span> <span class='ocrx_word' id='word_1_104' title='bbox 1428 2179 1772 2256; x_wconf 74' lang='grc' dir='ltr'><strong><em>στόματα”,</em></strong></span> <span class='ocrx_word' id='word_1_105' title='bbox 1843 2178 1920 2243; x_wconf 85' lang='lat' dir='ltr'><strong>fr.</strong></span> <span class='ocrx_word' id='word_1_106' title='bbox 1986 2179 2222 2244; x_wconf 85' lang='lat' dir='ltr'><strong>Melan.</strong></span> <span class='ocrx_word' id='word_1_107' title='bbox 2287 2177 2367 2243; x_wconf 79' lang='lat' dir='ltr'><strong>V.</strong></span> <span class='ocrx_word' id='word_1_108' title='bbox 2432 2183 2583 2243; x_wconf 85' lang='lat'><strong>495.</strong></span> <span class='ocrx_word' id='word_1_109' title='bbox 2635 2179 3109 2265; x_wconf 77' lang='lat' dir='ltr'><strong>Aristophanem</strong></span> 
     </span>
     <span class='ocr_line' id='line_1_14' title="bbox 856 2292 3117 2381; baseline 0 -22"><span class='ocrx_word' id='word_1_110' title='bbox 856 2301 1068 2359; x_wconf 90' lang='lat' dir='ltr'><strong>tamen</strong></span> <span class='ocrx_word' id='word_1_111' title='bbox 1113 2293 1397 2380; x_wconf 88' lang='lat' dir='ltr'><strong>parodias</strong></span> <span class='ocrx_word' id='word_1_112' title='bbox 1426 2314 1586 2358; x_wconf 76' lang='lat' dir='ltr'><strong>suas</strong></span> <span class='ocrx_word' id='word_1_113' title='bbox 1633 2315 1758 2358; x_wconf 90' lang='lat' dir='ltr'><strong>non</strong></span> <span class='ocrx_word' id='word_1_114' title='bbox 1809 2293 2042 2358; x_wconf 85' lang='lat' dir='ltr'><strong>frustra</strong></span> <span class='ocrx_word' id='word_1_115' title='bbox 2086 2293 2401 2379; x_wconf 84' lang='lat' dir='ltr'><strong>scripsisse</strong></span> <span class='ocrx_word' id='word_1_116' title='bbox 2442 2292 2670 2359; x_wconf 89' lang='lat' dir='ltr'><strong>docent</strong></span> <span class='ocrx_word' id='word_1_117' title='bbox 2711 2295 2939 2358; x_wconf 87' lang='lat' dir='ltr'><strong>mutati</strong></span> <span class='ocrx_word' id='word_1_118' title='bbox 2979 2316 3117 2381; x_wconf 91' lang='lat' dir='ltr'><strong>pro-</strong></span> 
     </span>
     <span class='ocr_line' id='line_1_15' title="bbox 862 2404 2523 2494; baseline -0.001 -21"><span class='ocrx_word' id='word_1_119' title='bbox 862 2408 991 2494; x_wconf 86' lang='lat' dir='ltr'><strong>logi</strong></span> <span class='ocrx_word' id='word_1_120' title='bbox 1036 2406 1496 2492; x_wconf 88' lang='lat' dir='ltr'><strong>tragoediarum</strong></span> <span class='ocrx_word' id='word_1_121' title='bbox 1543 2406 1854 2486; x_wconf 86' lang='lat' dir='ltr'><strong>Archelai,</strong></span> <span class='ocrx_word' id='word_1_122' title='bbox 1905 2404 2141 2487; x_wconf 80' lang='lat' dir='ltr'><strong>Phrixi,</strong></span> <span class='ocrx_word' id='word_1_123' title='bbox 2192 2405 2523 2492; x_wconf 83' lang='lat' dir='ltr'><strong>Meleagri.</strong></span> 
     </span>
    </p>

    <p class='ocr_par' dir='ltr' id='par_1_3' title="bbox 859 2519 3137 4196">
     <span class='ocr_line' id='line_1_16' title="bbox 953 2519 3113 2607; baseline 0 -21"><span class='ocrx_word' id='word_1_124' title='bbox 953 2520 1188 2586; x_wconf 88' lang='lat' dir='ltr'><strong>Omnes</strong></span> <span class='ocrx_word' id='word_1_125' title='bbox 1228 2519 1340 2586; x_wconf 91' lang='lat' dir='ltr'><strong>has</strong></span> <span class='ocrx_word' id='word_1_126' title='bbox 1371 2519 1658 2606; x_wconf 89' lang='lat' dir='ltr'><strong>parodias</strong></span> <span class='ocrx_word' id='word_1_127' title='bbox 1682 2542 1780 2584; x_wconf 89' lang='lat' dir='ltr'><strong>me</strong></span> <span class='ocrx_word' id='word_1_128' title='bbox 1803 2542 1927 2584; x_wconf 90' lang='lat' dir='ltr'><strong>non</strong></span> <span class='ocrx_word' id='word_1_129' title='bbox 1951 2520 2262 2584; x_wconf 84' lang='lat' dir='ltr'><strong>invenisse</strong></span> <span class='ocrx_word' id='word_1_130' title='bbox 2285 2520 2459 2585; x_wconf 92' lang='lat' dir='ltr'><strong>ultro</strong></span> <span class='ocrx_word' id='word_1_131' title='bbox 2483 2520 2897 2607; x_wconf 89' lang='lat' dir='ltr'><strong>intellegitur.</strong></span> <span class='ocrx_word' id='word_1_132' title='bbox 2939 2520 3113 2588; x_wconf 87' lang='lat' dir='ltr'><strong>Diffi-</strong></span> 
     </span>
     <span class='ocr_line' id='line_1_17' title="bbox 860 2632 3118 2722; baseline 0 -22"><span class='ocrx_word' id='word_1_133' title='bbox 860 2635 981 2700; x_wconf 88' lang='lat' dir='ltr'><strong>cile</strong></span> <span class='ocrx_word' id='word_1_134' title='bbox 1038 2640 1133 2699; x_wconf 87' lang='lat' dir='ltr'><strong>est</strong></span> <span class='ocrx_word' id='word_1_135' title='bbox 1189 2656 1293 2698; x_wconf 90' lang='lat' dir='ltr'><strong>eas</strong></span> <span class='ocrx_word' id='word_1_136' title='bbox 1347 2655 1381 2697; x_wconf 90' lang='lat' dir='ltr'><strong>e</strong></span> <span class='ocrx_word' id='word_1_137' title='bbox 1442 2632 1727 2720; x_wconf 88' lang='lat' dir='ltr'><strong>partibus</strong></span> <span class='ocrx_word' id='word_1_138' title='bbox 1778 2633 2042 2699; x_wconf 89' lang='lat' dir='ltr'><strong>choricis</strong></span> <span class='ocrx_word' id='word_1_139' title='bbox 2101 2640 2165 2698; x_wconf 90' lang='lat' dir='ltr'><strong>et</strong></span> <span class='ocrx_word' id='word_1_140' title='bbox 2211 2634 2452 2699; x_wconf 87' lang='lat' dir='ltr'><strong>melicis</strong></span> <span class='ocrx_word' id='word_1_141' title='bbox 2497 2657 2713 2700; x_wconf 87' lang='lat' dir='ltr'><strong>eruere</strong></span> <span class='ocrx_word' id='word_1_142' title='bbox 2761 2633 2869 2700; x_wconf 91' lang='lat' dir='ltr'><strong>ubi</strong></span> <span class='ocrx_word' id='word_1_143' title='bbox 2912 2658 3118 2722; x_wconf 90' lang='lat' dir='ltr'><strong>neque</strong></span> 
     </span>
     <span class='ocr_line' id='line_1_18' title="bbox 861 2746 3116 2832; baseline 0 -18"><span class='ocrx_word' id='word_1_144' title='bbox 861 2749 1161 2815; x_wconf 88' lang='lat' dir='ltr'><strong>sermonis</strong></span> <span class='ocrx_word' id='word_1_145' title='bbox 1193 2746 1459 2812; x_wconf 81' lang='lat' dir='ltr'><strong>varietas</strong></span> <span class='ocrx_word' id='word_1_146' title='bbox 1496 2769 1700 2832; x_wconf 90' lang='lat' dir='ltr'><strong>neque</strong></span> <span class='ocrx_word' id='word_1_147' title='bbox 1737 2747 1984 2812; x_wconf 90' lang='lat' dir='ltr'><strong>numeri</strong></span> <span class='ocrx_word' id='word_1_148' title='bbox 2022 2746 2185 2812; x_wconf 81' lang='lat' dir='ltr'><strong>viam</strong></span> <span class='ocrx_word' id='word_1_149' title='bbox 2226 2753 2592 2814; x_wconf 88' lang='lat' dir='ltr'><strong>monstrant.</strong></span> <span class='ocrx_word' id='word_1_150' title='bbox 2639 2748 2811 2830; x_wconf 82' lang='lat' dir='ltr'><strong>Quin</strong></span> <span class='ocrx_word' id='word_1_151' title='bbox 2835 2749 3024 2814; x_wconf 89' lang='lat' dir='ltr'><strong>etiam</strong></span> <span class='ocrx_word' id='word_1_152' title='bbox 3048 2750 3116 2815; x_wconf 92' lang='lat' dir='ltr'><strong>in</strong></span> 
     </span>
     <span class='ocr_line' id='line_1_19' title="bbox 859 2858 3111 2946; baseline 0.001 -19"><span class='ocrx_word' id='word_1_153' title='bbox 859 2861 1119 2927; x_wconf 83' lang='lat' dir='ltr'><strong>senariis</strong></span> <span class='ocrx_word' id='word_1_154' title='bbox 1180 2858 1288 2925; x_wconf 90' lang='lat' dir='ltr'><strong>ubi</strong></span> <span class='ocrx_word' id='word_1_155' title='bbox 1335 2860 1793 2925; x_wconf 88' lang='lat' dir='ltr'><strong>decernendum</strong></span> <span class='ocrx_word' id='word_1_156' title='bbox 1840 2860 1925 2925; x_wconf 90' lang='lat' dir='ltr'><strong>sit</strong></span> <span class='ocrx_word' id='word_1_157' title='bbox 1970 2859 2128 2945; x_wconf 89' lang='lat' dir='ltr'><strong>quid</strong></span> <span class='ocrx_word' id='word_1_158' title='bbox 2172 2860 2528 2946; x_wconf 86' lang='lat' dir='ltr'><strong>tragoediae</strong></span> <span class='ocrx_word' id='word_1_159' title='bbox 2572 2862 2655 2928; x_wconf 90' lang='lat' dir='ltr'><strong>sit</strong></span> <span class='ocrx_word' id='word_1_160' title='bbox 2700 2861 3111 2943; x_wconf 89' lang='lat' dir='ltr'><strong>reddendum,</strong></span> 
     </span>
     <span class='ocr_line' id='line_1_20' title="bbox 863 2971 3110 3063; baseline 0 -21"><span class='ocrx_word' id='word_1_161' title='bbox 863 2982 1047 3042; x_wconf 89' lang='lat' dir='ltr'><strong>caute</strong></span> <span class='ocrx_word' id='word_1_162' title='bbox 1094 2973 1613 3062; x_wconf 88' lang='lat' dir='ltr'><strong>progrediendum</strong></span> <span class='ocrx_word' id='word_1_163' title='bbox 1653 2980 1766 3039; x_wconf 89' lang='lat' dir='ltr'><strong>est.</strong></span> <span class='ocrx_word' id='word_1_164' title='bbox 1808 2971 2055 3038; x_wconf 90' lang='lat' dir='ltr'><strong>Scholia</strong></span> <span class='ocrx_word' id='word_1_165' title='bbox 2093 2974 2258 3039; x_wconf 90' lang='lat' dir='ltr'><strong>enim</strong></span> <span class='ocrx_word' id='word_1_166' title='bbox 2296 2996 2674 3060; x_wconf 90' lang='lat' dir='ltr'><strong>quamquam</strong></span> <span class='ocrx_word' id='word_1_167' title='bbox 2715 2999 2893 3063; x_wconf 87' lang='lat' dir='ltr'><strong>saepe</strong></span> <span class='ocrx_word' id='word_1_168' title='bbox 2918 2999 3110 3062; x_wconf 89' lang='lat' dir='ltr'><strong>quan·</strong></span> 
     </span>
     <span class='ocr_line' id='line_1_21' title="bbox 863 3087 3137 3175; baseline 0.001 -21"><span class='ocrx_word' id='word_1_169' title='bbox 863 3089 1015 3154; x_wconf 75' lang='lat' dir='ltr'><strong>tivis</strong></span> <span class='ocrx_word' id='word_1_170' title='bbox 1094 3091 1247 3154; x_wconf 84' lang='lat' dir='ltr'><strong>sunt</strong></span> <span class='ocrx_word' id='word_1_171' title='bbox 1328 3087 1536 3175; x_wconf 87' lang='lat' dir='ltr'><strong>pretii,</strong></span> <span class='ocrx_word' id='word_1_172' title='bbox 1623 3110 1749 3153; x_wconf 89' lang='lat' dir='ltr'><strong>non</strong></span> <span class='ocrx_word' id='word_1_173' title='bbox 1817 3110 1957 3153; x_wconf 89' lang='lat' dir='ltr'><strong>raro</strong></span> <span class='ocrx_word' id='word_1_174' title='bbox 2024 3094 2240 3152; x_wconf 89' lang='lat' dir='ltr'><strong>tacent</strong></span> <span class='ocrx_word' id='word_1_175' title='bbox 2308 3089 2709 3174; x_wconf 87' lang='lat' dir='ltr'><strong>interrogata,</strong></span> <span class='ocrx_word' id='word_1_176' title='bbox 2784 3098 2861 3156; x_wconf 89' lang='lat' dir='ltr'><strong>ut</strong></span> <span class='ocrx_word' id='word_1_177' title='bbox 2930 3114 2989 3157; x_wconf 84' lang='lat' dir='ltr'><strong>v.</strong></span> <span class='ocrx_word' id='word_1_178' title='bbox 3062 3116 3137 3158; x_wconf 89' lang='lat' dir='ltr'><strong>c.-</strong></span> 
     </span>
     <span class='ocr_line' id='line_1_22' title="bbox 867 3200 3119 3290; baseline 0.001 -22"><span class='ocrx_word' id='word_1_179' title='bbox 867 3203 936 3268; x_wconf 90' lang='lat' dir='ltr'><strong>in</strong></span> <span class='ocrx_word' id='word_1_180' title='bbox 995 3209 1307 3289; x_wconf 87' lang='lat' dir='ltr'><strong>postrema</strong></span> <span class='ocrx_word' id='word_1_181' title='bbox 1365 3209 1541 3288; x_wconf 88' lang='lat' dir='ltr'><strong>parte</strong></span> <span class='ocrx_word' id='word_1_182' title='bbox 1588 3202 1817 3267; x_wconf 80' lang='lat' dir='ltr'><strong>Avium</strong></span> <span class='ocrx_word' id='word_1_183' title='bbox 1864 3223 1940 3265; x_wconf 84' lang='lat' dir='ltr'><strong>ex</strong></span> <span class='ocrx_word' id='word_1_184' title='bbox 1989 3223 2117 3285; x_wconf 90' lang='lat' dir='ltr'><strong>qua</strong></span> <span class='ocrx_word' id='word_1_185' title='bbox 2164 3200 2317 3265; x_wconf 90' lang='lat' dir='ltr'><strong>mihi</strong></span> <span class='ocrx_word' id='word_1_186' title='bbox 2362 3201 2614 3268; x_wconf 84' lang='lat' dir='ltr'><strong>videtur</strong></span> <span class='ocrx_word' id='word_1_187' title='bbox 2658 3202 2949 3290; x_wconf 84' lang='lat' dir='ltr'><strong>Aeschyli</strong></span> <span class='ocrx_word' id='word_1_188' title='bbox 2997 3212 3119 3270; x_wconf 85' lang='lat' dir='ltr'><strong>tra·</strong></span> 
     </span>
     <span class='ocr_line' id='line_1_23' title="bbox 869 3305 3118 3404; baseline 0.001 -21"><span class='ocrx_word' id='word_1_189' title='bbox 869 3317 1093 3404; x_wconf 86' lang='lat' dir='ltr'><strong>goedia</strong></span> <span class='ocrx_word' id='word_1_190' title='bbox 1148 3315 1560 3381; x_wconf 88' lang='lat' dir='ltr'><strong>Prometheus</strong></span> <span class='ocrx_word' id='word_1_191' title='bbox 1622 3315 1908 3397; x_wconf 75' lang='grc' dir='ltr'><strong>πυρφόρος</strong></span> <span class='ocrx_word' id='word_1_192' title='bbox 1961 3305 2295 3400; x_wconf 80' lang='lat' dir='ltr'><strong>pellucere,</strong></span> <span class='ocrx_word' id='word_1_193' title='bbox 2357 3321 2470 3380; x_wconf 90' lang='lat' dir='ltr'><strong>aut</strong></span> <span class='ocrx_word' id='word_1_194' title='bbox 2515 3316 2580 3380; x_wconf 91' lang='lat' dir='ltr'><strong>in</strong></span> <span class='ocrx_word' id='word_1_195' title='bbox 2625 3339 2891 3383; x_wconf 86' lang='lat' dir='ltr'><strong>errorem</strong></span> <span class='ocrx_word' id='word_1_196' title='bbox 2938 3319 3118 3384; x_wconf 89' lang='lat' dir='ltr'><strong>indu·</strong></span> 
     </span>
     <span class='ocr_line' id='line_1_24' title="bbox 866 3426 3107 3514; baseline 0 -19"><span class='ocrx_word' id='word_1_197' title='bbox 866 3436 1023 3496; x_wconf 89' lang='lat' dir='ltr'><strong>cunt</strong></span> <span class='ocrx_word' id='word_1_198' title='bbox 1068 3429 1351 3507; x_wconf 88' lang='lat' dir='ltr'><strong>lectores,</strong></span> <span class='ocrx_word' id='word_1_199' title='bbox 1400 3436 1476 3493; x_wconf 90' lang='lat' dir='ltr'><strong>ut</strong></span> <span class='ocrx_word' id='word_1_200' title='bbox 1521 3428 1681 3493; x_wconf 89' lang='lat' dir='ltr'><strong>Ach.</strong></span> <span class='ocrx_word' id='word_1_201' title='bbox 1731 3431 1882 3508; x_wconf 81' lang='lat'><strong>325,</strong></span> <span class='ocrx_word' id='word_1_202' title='bbox 1929 3426 2119 3514; x_wconf 80' lang='lat' dir='ltr'><strong>Vesp.</strong></span> <span class='ocrx_word' id='word_1_203' title='bbox 2175 3430 2365 3509; x_wconf 78' lang='lat'><strong>1326,</strong></span> <span class='ocrx_word' id='word_1_204' title='bbox 2405 3429 2522 3494; x_wconf 86' lang='lat' dir='ltr'><strong>Av.</strong></span> <span class='ocrx_word' id='word_1_205' title='bbox 2567 3431 2715 3511; x_wconf 71' lang='lat'><strong>348,</strong></span> <span class='ocrx_word' id='word_1_206' title='bbox 2763 3433 2953 3513; x_wconf 68' lang='lat'><strong>1242,</strong></span> <span class='ocrx_word' id='word_1_207' title='bbox 2994 3439 3107 3500; x_wconf 89' lang='lat' dir='ltr'><strong>aut</strong></span> 
     </span>
     <span class='ocr_line' id='line_1_25' title="bbox 868 3541 3119 3631; baseline 0.001 -21"><span class='ocrx_word' id='word_1_208' title='bbox 868 3550 1160 3631; x_wconf 88' lang='lat' dir='ltr'><strong>corrupta</strong></span> <span class='ocrx_word' id='word_1_209' title='bbox 1227 3550 1378 3608; x_wconf 89' lang='lat' dir='ltr'><strong>sunt</strong></span> <span class='ocrx_word' id='word_1_210' title='bbox 1441 3550 1505 3607; x_wconf 90' lang='lat' dir='ltr'><strong>et</strong></span> <span class='ocrx_word' id='word_1_211' title='bbox 1568 3543 1843 3621; x_wconf 79' lang='lat' dir='ltr'><strong>confusa,</strong></span> <span class='ocrx_word' id='word_1_212' title='bbox 1906 3550 1984 3607; x_wconf 92' lang='lat' dir='ltr'><strong>ut</strong></span> <span class='ocrx_word' id='word_1_213' title='bbox 2036 3541 2177 3607; x_wconf 84' lang='lat' dir='ltr'><strong>Rau</strong></span> <span class='ocrx_word' id='word_1_214' title='bbox 2236 3546 2368 3607; x_wconf 83' lang='lat'><strong>465</strong></span> <span class='ocrx_word' id='word_1_215' title='bbox 2432 3566 2565 3629; x_wconf 91' lang='lat' dir='ltr'><strong>sqq.</strong></span> <span class='ocrx_word' id='word_1_216' title='bbox 2615 3542 2976 3611; x_wconf 83' lang='lat' dir='ltr'><strong>Cavendum</strong></span> <span class='ocrx_word' id='word_1_217' title='bbox 3025 3552 3119 3613; x_wconf 83' lang='lat' dir='ltr'><strong>est</strong></span> 
     </span>
     <span class='ocr_line' id='line_1_26' title="bbox 866 3655 3115 3743; baseline 0.002 -20"><span class='ocrx_word' id='word_1_218' title='bbox 866 3657 1094 3723; x_wconf 89' lang='lat' dir='ltr'><strong>deinde</strong></span> <span class='ocrx_word' id='word_1_219' title='bbox 1140 3680 1221 3721; x_wconf 93' lang='lat' dir='ltr'><strong>ne</strong></span> <span class='ocrx_word' id='word_1_220' title='bbox 1266 3655 1470 3722; x_wconf 84' lang='lat' dir='ltr'><strong>verbis</strong></span> <span class='ocrx_word' id='word_1_221' title='bbox 1519 3656 1738 3721; x_wconf 90' lang='lat' dir='ltr'><strong>comici</strong></span> <span class='ocrx_word' id='word_1_222' title='bbox 1783 3664 2005 3743; x_wconf 89' lang='lat' dir='ltr'><strong>poetae</strong></span> <span class='ocrx_word' id='word_1_223' title='bbox 2051 3657 2319 3722; x_wconf 87' lang='lat' dir='ltr'><strong>alicuius</strong></span> <span class='ocrx_word' id='word_1_224' title='bbox 2361 3680 2577 3722; x_wconf 84' lang='lat' dir='ltr'><strong>versus</strong></span> <span class='ocrx_word' id='word_1_225' title='bbox 2621 3657 2871 3725; x_wconf 89' lang='lat' dir='ltr'><strong>subesse</strong></span> <span class='ocrx_word' id='word_1_226' title='bbox 2919 3668 3115 3727; x_wconf 87' lang='lat' dir='ltr'><strong>statu-</strong></span> 
     </span>
     <span class='ocr_line' id='line_1_27' title="bbox 868 3769 3121 3858; baseline 0.002 -22"><span class='ocrx_word' id='word_1_227' title='bbox 868 3792 1048 3836; x_wconf 87' lang='lat' dir='ltr'><strong>amus</strong></span> <span class='ocrx_word' id='word_1_228' title='bbox 1109 3769 1220 3834; x_wconf 90' lang='lat' dir='ltr'><strong>ubi</strong></span> <span class='ocrx_word' id='word_1_229' title='bbox 1279 3769 1443 3834; x_wconf 88' lang='lat' dir='ltr'><strong>nihil</strong></span> <span class='ocrx_word' id='word_1_230' title='bbox 1503 3769 1626 3835; x_wconf 92' lang='lat' dir='ltr'><strong>nisi</strong></span> <span class='ocrx_word' id='word_1_231' title='bbox 1688 3769 1935 3835; x_wconf 87' lang='lat' dir='ltr'><strong>dicendi</strong></span> <span class='ocrx_word' id='word_1_232' title='bbox 1988 3793 2188 3855; x_wconf 88' lang='lat' dir='ltr'><strong>genus</strong></span> <span class='ocrx_word' id='word_1_233' title='bbox 2235 3769 2542 3848; x_wconf 88' lang='lat' dir='ltr'><strong>imitatur,</strong></span> <span class='ocrx_word' id='word_1_234' title='bbox 2590 3771 2861 3858; x_wconf 89' lang='lat' dir='ltr'><strong>denique</strong></span> <span class='ocrx_word' id='word_1_235' title='bbox 2903 3797 2981 3839; x_wconf 90' lang='lat' dir='ltr'><strong>ne</strong></span> <span class='ocrx_word' id='word_1_236' title='bbox 3026 3775 3121 3840; x_wconf 89' lang='lat' dir='ltr'><strong>ni·</strong></span> 
     </span>
     <span class='ocr_line' id='line_1_28' title="bbox 868 3882 3117 3970; baseline 0.003 -22"><span class='ocrx_word' id='word_1_237' title='bbox 868 3884 994 3948; x_wconf 91' lang='lat' dir='ltr'><strong>mio</strong></span> <span class='ocrx_word' id='word_1_238' title='bbox 1040 3883 1433 3970; x_wconf 89' lang='lat' dir='ltr'><strong>parodiarum</strong></span> <span class='ocrx_word' id='word_1_239' title='bbox 1484 3883 1978 3970; x_wconf 85' lang='lat' dir='ltr'><strong>indagandamm</strong></span> <span class='ocrx_word' id='word_1_240' title='bbox 2029 3882 2240 3948; x_wconf 87' lang='lat' dir='ltr'><strong>studio</strong></span> <span class='ocrx_word' id='word_1_241' title='bbox 2276 3883 2445 3948; x_wconf 88' lang='lat' dir='ltr'><strong>locos</strong></span> <span class='ocrx_word' id='word_1_242' title='bbox 2484 3883 2713 3969; x_wconf 91' lang='lat' dir='ltr'><strong>quibus</strong></span> <span class='ocrx_word' id='word_1_243' title='bbox 2751 3886 2929 3953; x_wconf 86' lang='lat' dir='ltr'><strong>nulla</strong></span> <span class='ocrx_word' id='word_1_244' title='bbox 2966 3889 3117 3955; x_wconf 88' lang='lat' dir='ltr'><strong>insit</strong></span> 
     </span>
     <span class='ocr_line' id='line_1_29' title="bbox 868 3993 3120 4086; baseline 0.002 -24"><span class='ocrx_word' id='word_1_245' title='bbox 868 3996 1237 4076; x_wconf 89' lang='lat' dir='ltr'><strong>indicemus,</strong></span> <span class='ocrx_word' id='word_1_246' title='bbox 1296 3993 1526 4061; x_wconf 91' lang='lat' dir='ltr'><strong>nubem</strong></span> <span class='ocrx_word' id='word_1_247' title='bbox 1588 3995 2036 4083; x_wconf 88' lang='lat' dir='ltr'><strong>amplectentes</strong></span> <span class='ocrx_word' id='word_1_248' title='bbox 2095 4018 2209 4082; x_wconf 90' lang='lat' dir='ltr'><strong>pro</strong></span> <span class='ocrx_word' id='word_1_249' title='bbox 2264 3995 2531 4062; x_wconf 89' lang='lat' dir='ltr'><strong>Iunone.</strong></span> <span class='ocrx_word' id='word_1_250' title='bbox 2595 3997 2771 4078; x_wconf 78' lang='lat' dir='ltr'><strong>Quos</strong></span> <span class='ocrx_word' id='word_1_251' title='bbox 2836 4000 3120 4086; x_wconf 88' lang='lat' dir='ltr'><strong>scopulos</strong></span> 
     </span>
     <span class='ocr_line' id='line_1_30' title="bbox 880 4088 3118 4196; baseline 0.003 -23"><span class='ocrx_word' id='word_1_252' title='bbox 880 4111 1119 4174; x_wconf 84' lang='lat' dir='ltr'><strong>evitare</strong></span> <span class='ocrx_word' id='word_1_253' title='bbox 1178 4109 1353 4175; x_wconf 88' lang='lat' dir='ltr'><strong>nisus</strong></span> <span class='ocrx_word' id='word_1_254' title='bbox 1425 4131 1563 4174; x_wconf 91' lang='lat' dir='ltr'><strong>sum</strong></span> <span class='ocrx_word' id='word_1_255' title='bbox 1578 4136 1597 4188; x_wconf 86' lang='lat'>3</span> <span class='ocrx_word' id='word_1_256' title='bbox 1662 4132 1740 4174; x_wconf 92' lang='lat' dir='ltr'><strong>an</strong></span> <span class='ocrx_word' id='word_1_257' title='bbox 1805 4110 1960 4174; x_wconf 92' lang='lat' dir='ltr'><strong>mihi</strong></span> <span class='ocrx_word' id='word_1_258' title='bbox 2004 4109 2338 4195; x_wconf 87' lang='lat' dir='ltr'><strong>eontigerit</strong></span> <span class='ocrx_word' id='word_1_259' title='bbox 2380 4088 2705 4196; x_wconf 84' lang='lat' dir='ltr'><strong>peritiores</strong></span> <span class='ocrx_word' id='word_1_260' title='bbox 2749 4112 3118 4180; x_wconf 87' lang='lat' dir='ltr'><strong>diiudicent.</strong></span> 
     </span>
    </p>

    <p class='ocr_par' dir='ltr' id='par_1_4' title="bbox 873 4221 3133 4432">
     <span class='ocr_line' id='line_1_31' title="bbox 973 4221 3133 4315; baseline 0.003 -27"><span class='ocrx_word' id='word_1_261' title='bbox 973 4221 1054 4288; x_wconf 91' lang='lat' dir='ltr'><strong>In</strong></span> <span class='ocrx_word' id='word_1_262' title='bbox 1099 4224 1564 4310; x_wconf 86' lang='lat' dir='ltr'><strong>computatione</strong></span> <span class='ocrx_word' id='word_1_263' title='bbox 1608 4245 1902 4289; x_wconf 78' lang='lat' dir='ltr'><strong>versuum</strong></span> <span class='ocrx_word' id='word_1_264' title='bbox 1949 4231 2278 4310; x_wconf 90' lang='lat' dir='ltr'><strong>poetarum</strong></span> <span class='ocrx_word' id='word_1_265' title='bbox 2315 4224 2700 4291; x_wconf 90' lang='lat' dir='ltr'><strong>scenicarum</strong></span> <span class='ocrx_word' id='word_1_266' title='bbox 2739 4234 2803 4292; x_wconf 89' lang='lat' dir='ltr'><strong>et</strong></span> <span class='ocrx_word' id='word_1_267' title='bbox 2825 4228 3133 4315; x_wconf 79' lang='lat' dir='ltr'><strong>fragmen·</strong></span> 
     </span>
     <span class='ocr_line' id='line_1_32' title="bbox 873 4336 3123 4432; baseline 0.003 -30"><span class='ocrx_word' id='word_1_268' title='bbox 873 4345 1091 4403; x_wconf 89' lang='lat' dir='ltr'><strong>torum</strong></span> <span class='ocrx_word' id='word_1_269' title='bbox 1142 4336 1579 4432; x_wconf 83' lang='lat' dir='ltr'><strong>Aristophanis</strong></span> <span class='ocrx_word' id='word_1_270' title='bbox 1623 4343 1877 4403; x_wconf 87' lang='lat' dir='ltr'><strong>secutus</strong></span> <span class='ocrx_word' id='word_1_271' title='bbox 1923 4359 2064 4402; x_wconf 89' lang='lat' dir='ltr'><strong>sum</strong></span> <span class='ocrx_word' id='word_1_272' title='bbox 2111 4336 2421 4402; x_wconf 87' lang='lat' dir='ltr'><strong>Dindorfii</strong></span> <span class='ocrx_word' id='word_1_273' title='bbox 2466 4338 2803 4406; x_wconf 88' lang='lat' dir='ltr'><strong>editionem</strong></span> <span class='ocrx_word' id='word_1_274' title='bbox 2847 4340 3123 4429; x_wconf 84' lang='lat' dir='ltr'><strong>Lipsien-</strong></span> 
     </span>
    </p>
   </div>
   <div class='ocr_carea' id='block_1_3' title="bbox 876 4449 3132 4655">
    <p class='ocr_par' dir='ltr' id='par_1_5' title="bbox 876 4449 3132 4655">
     <span class='ocr_line' id='line_1_33' title="bbox 876 4449 3129 4543; baseline 0.003 -27"><span class='ocrx_word' id='word_1_275' title='bbox 876 4473 1039 4533; x_wconf 50' lang='lat' dir='ltr'><strong>sems</strong></span> <span class='ocrx_word' id='word_1_276' title='bbox 1069 4450 1378 4534; x_wconf 88' lang='lat' dir='ltr'><strong>quintam,</strong></span> <span class='ocrx_word' id='word_1_277' title='bbox 1432 4449 1926 4535; x_wconf 84' lang='lat' dir='ltr'><strong>fragmentorum</strong></span> <span class='ocrx_word' id='word_1_278' title='bbox 1986 4451 2372 4535; x_wconf 89' lang='lat' dir='ltr'><strong>tragicorum</strong></span> <span class='ocrx_word' id='word_1_279' title='bbox 2430 4474 2761 4519; x_wconf 89' lang='lat' dir='ltr'><strong>numerum</strong></span> <span class='ocrx_word' id='word_1_280' title='bbox 2830 4453 3129 4543; x_wconf 89' lang='lat' dir='ltr'><strong>adscripsi</strong></span> 
     </span>
     <span class='ocr_line' id='line_1_34' title="bbox 885 4562 3132 4655; baseline 0.006 -28"><span class='ocrx_word' id='word_1_281' title='bbox 885 4585 963 4628; x_wconf 84' lang='lat' dir='ltr'><strong>ex</strong></span> <span class='ocrx_word' id='word_1_282' title='bbox 1024 4562 1406 4629; x_wconf 83' lang='lat' dir='ltr'><strong>editionibus</strong></span> <span class='ocrx_word' id='word_1_283' title='bbox 1465 4562 1773 4629; x_wconf 87' lang='lat' dir='ltr'><strong>Dindorfii</strong></span> <span class='ocrx_word' id='word_1_284' title='bbox 1835 4562 1963 4650; x_wconf 90' lang='lat' dir='ltr'><strong>(D.)</strong></span> <span class='ocrx_word' id='word_1_285' title='bbox 2024 4569 2089 4629; x_wconf 89' lang='lat' dir='ltr'><strong>et</strong></span> <span class='ocrx_word' id='word_1_286' title='bbox 2141 4563 2422 4631; x_wconf 87' lang='lat' dir='ltr'><strong>Nauckii</strong></span> <span class='ocrx_word' id='word_1_287' title='bbox 2484 4565 2641 4654; x_wconf 89' lang='lat' dir='ltr'><strong>(N.),</strong></span> <span class='ocrx_word' id='word_1_288' title='bbox 2703 4569 3034 4655; x_wconf 84' lang='lat' dir='ltr'><strong>lyricorum</strong></span> <span class='ocrx_word' id='word_1_289' title='bbox 3097 4596 3132 4639; x_wconf 86' lang='lat' dir='ltr'><strong>e</strong></span> 
     </span>
    </p>
   </div>
  </div>
 </body>
</html>
