3875 5634
878 657 911 718 1
924 658 1005 719 74
1831 673 2064 720 unu.

835 851 942 917 Vs.
996 845 1204 916 1392.
1278 852 1448 930 μόνος
1497 855 1629 917 θεῶν
1676 852 1792 934 γὰρ
1841 852 2115 926 Θάνατος
2159 856 2222 918 οὗ
2272 854 2454 933 δώρων
2500 856 2617 937 ἐρᾷ.

928 965 1134 1030 Schol.
1181 967 1246 1030 ἐκ
1294 965 1520 1043 Νιόβης
1567 966 1894 1046 Αἰσχύλου.
1948 965 2051 1030 Fr.
2107 969 2251 1029 156.
2295 965 2618 1047 Consulto,
2653 973 2730 1031 ut
2771 967 2899 1032 iam
2935 967 3099 1033 vidit

839 1077 1141 1157 Fritsche,
1190 1078 1532 1163 Aeschylus
1580 1079 1748 1144 hunc
1794 1079 2003 1143 locum
2052 1079 2402 1166 Euripideo
2449 1080 2734 1167 opponit.
2786 1080 2868 1146 In
2919 1081 3101 1146 Anti-

838 1213 997 1276 gone
1042 1191 1340 1256 laudatur
1386 1192 1594 1257 Suada
1640 1192 1744 1256 cui
1789 1215 1894 1257 ara
1940 1202 2292 1259 consecrata
2341 1202 2434 1258 est
2480 1194 2543 1258 in
2586 1194 2923 1260 hominum
2963 1195 3093 1260 ani-

842 1306 986 1369 mis:
1055 1305 1160 1368 κοιὶ
1215 1305 1419 1382 βωμὸς
1463 1306 1651 1379 αὐτῆς
1697 1305 1821 1369 ἔστ’
1868 1307 1926 1369 ἐν
1972 1307 2264 1386 ἀνθρώπου
2309 1308 2486 1387 Φύσει
2538 1307 2792 1393 (opem
2841 1306 3046 1393 Kock)
3070 1335 3089 1386 ς

845 1417 1189 1504 Aeschylus
1237 1418 1313 1482 de
1360 1418 1565 1483 Morte
1612 1419 1873 1498 dixerat,
1924 1420 2000 1484 fr.
2052 1423 2213 1483 156:
2262 1419 2435 1498 μόνος
2484 1422 2618 1484 θεῶν
2666 1421 2787 1502 γὰρ
2826 1421 3096 1492 Θάνατος

842 1534 904 1597 ού
949 1533 1128 1613 δώρων
1175 1534 1291 1614 ἐρᾷ,
1333 1531 1346 1622 Ι
1384 1532 1504 1596 οὐδ’
1565 1531 1637 1596 ἄν
1701 1557 1752 1596 τι
1801 1532 1939 1597 θύων
1988 1532 2106 1598 οὐδ’
2147 1534 2500 1598 ἐπισπένδων
2540 1533 2717 1607 ἄνοις,
2763 1532 2774 1623 Ι
2816 1533 2933 1600 οὐδ’
2971 1534 3091 1599 ἔστι

844 1645 1069 1723 βωμὸς,
1134 1647 1262 1710 οὐδὲ
1324 1645 1717 1725 παιωνίζεται·
1772 1644 1783 1734 Ι
1837 1647 2009 1723 μόνου
2058 1646 2119 1710 δὲ
2166 1648 2348 1711 Πειθὼ
2399 1647 2689 1725 δαιμόνων
2734 1649 3091 1713 ἀποστατεῖ.

846 1760 933 1822 At
1001 1760 1305 1844 potuisset
1367 1760 1497 1845 ipse
1544 1758 1876 1844 Euripides
1924 1760 2191 1825 similem
2239 1762 2431 1826 citare
2479 1761 2714 1842 locum,
2765 1784 2912 1827 cum
2955 1764 3087 1827 Alc.

846 1876 925 1938 97
936 1874 974 1935 3
1019 1873 1096 1937 dc
1142 1872 1290 1953 fato,
1337 1873 1378 1936 i.
1428 1896 1482 1936 e.
1530 1872 1607 1936 de
1653 1880 1852 1937 morte
1901 1874 2281 1960 scripsisset:
2331 1874 2518 1951 μόναις
2565 1875 2620 1938 δ’
2664 1875 2786 1939 οὔτ’
2828 1875 2929 1940 ἐπὶ
2970 1876 3055 1953 βω

846 1987 991 2064 μοὺς
1032 1985 1043 2075 Ι
1082 1987 1267 2051 ἐλθεῖν
1315 1986 1443 2051 οὔτε
1489 1986 1707 2066 βρέτας
1755 1989 1887 2059 θεαῖς
1930 1986 1940 2076 Ι
1985 1986 2158 2060 ἔστιν,
2207 1990 2269 2052 ού
2318 1988 2597 2069 σφαγίων
2646 1987 2829 2054 κλύει.

850 2212 958 2276 Vs.
1013 2203 1220 2275 1400.
1295 2210 1554 2288 βέβληκ’
1601 2211 1931 2290 Ἀχιλλεὺς
1977 2210 2075 2274 δύο
2115 2210 2282 2289 κύβω
2328 2210 2428 2274 xxi
2475 2212 2757 2293 τέττκρκ.

939 2324 1033 2388 De
1088 2324 1276 2389 huius
1319 2346 1532 2388 versus
1576 2322 1718 2387 sede
1765 2324 1886 2386 iam
1936 2321 2361 2387 dissenserunt
2409 2333 2650 2389 veteres
2699 2328 2989 2412 interpret

851 2439 1156 2519 Fuerunt,
1205 2447 1274 2503 ut
1323 2461 1355 2501 e
1403 2437 1653 2501 scholiis
1691 2424 1968 2523 apparet,
2009 2437 2117 2519 qui
2157 2436 2454 2521 Telephe,
2493 2437 2961 2517 Philoctetae‚I

851 2553 1070 2637 geniae
1133 2552 1281 2615 Aul.
1348 2554 1530 2635 (quae
1592 2550 1871 2614 nondum
1930 2550 2110 2613 docta
2158 2552 2310 2631 erat)
2358 2559 2470 2615 aut
2520 2552 2637 2637 ipsi
2689 2554 2959 2638 Aristop'*

853 2665 1210 2730 tribuerint.
1257 2663 1311 2727 E
1357 2664 1716 2728 testimonio
1754 2672 1963 2727 tamen
2008 2663 2378 2743 Aristarchi,
2421 2664 2590 2747 quod
2628 2666 2891 2730 servavit
2916 2670 2953 2727 b

851 2779 1052 2860 liasta,
1100 2786 1164 2844 et
1210 2801 1244 2841 e
1310 2777 1459 2841 locis
1522 2776 1773 2842 Zenobii
1834 2783 1899 2840 et
1963 2776 2299 2856 Eustathii,
2365 2800 2400 2840 a
2456 2777 2749 2844 Nauckio
2795 2787 2859 2843 et
2914 2780 2929 2839 l

853 2893 1080 2971 allatis,
1150 2891 1481 2957 verisimile
1549 2891 1622 2954 fit
1690 2912 1936 2954 versum
2011 2892 2179 2953 1400
2252 2891 2317 2954 in
2383 2889 2496 2955 hac
2560 2892 2879 2978 tragoedia

855 3008 1088 3072 lectum
1144 3006 1335 3070 fuisse
1395 3004 1501 3068 sed
1562 3012 1775 3090 postea
1822 3002 1899 3066 ab
1946 3003 2078 3088 ipso
2124 3003 2381 3067 fortasse
2430 3003 2736 3091 Euripide
2782 3029 2885 3069 mu

854 3142 985 3184 esse
1045 3118 1124 3183 ob
1184 3118 1556 3183 comicorum
1619 3117 1957 3204 parodiam.
2018 3115 2152 3180 Iam
2218 3116 2480 3202 Eupolis
2538 3126 2698 3182 teste
2745 3119 2867 3184 sch<

856 3232 1051 3297 Mein.
1099 3231 1171 3296 II
1223 3234 1382 3296 566:

1296 3342 1660 3425 ρὶποφθαρεὶς
1707 3343 1767 3409 δὲ
1817 3343 1914 3407 δύο
1961 3342 2125 3420 κύβω
2173 3341 2276 3406 καὶ
2324 3342 2601 3424 τέτταρσι.

861 3571 969 3637 Vs.
1023 3563 1230 3634 1402.
1302 3568 1677 3649 σιδηροβριόές
1722 3570 1775 3631 τ’
1818 3567 2007 3643 ἔλαβε
2056 3563 2217 3646 δεξιᾷ
2265 3563 2456 3640 ξύλον.

950 3685 1157 3749 Schol.
1217 3685 1281 3747 ἐκ
1338 3682 1682 3761 Μελεάγρςυ
1729 3682 1861 3759 Εύρ.
1913 3678 2247 3743 W*elckero
2292 3677 2385 3741 ΙΙ.
2435 3702 2495 3764 p.
2550 3682 2674 3745 758
2723 3682 2817 3742 viz.

860 3799 1177 3883 Meleagro
1224 3797 1482 3874 dictum,
1531 3794 1889 3859 Thestiadas
1936 3816 2240 3877 aggressQ
2290 3794 2398 3876 qui
2450 3794 2773 3859 Atalantae

864 3913 1029 3977 rium
1076 3912 1310 3996 eripere
1358 3908 1712 3972 voluerunt.

866 4137 976 4205 Vs.
1034 4130 1237 4200 1403.
1309 4137 1407 4217 ἐφ’
1453 4132 1719 4215 ἅρματος
1765 4133 1878 4213 γὰρ
1925 4130 2092 4210 ἅρμα
2141 4130 2242 4195 xx)
2293 4134 2458 4211 νεκρῷ
2506 4133 2707 4213 νεκρός.

957 4252 1160 4316 Schol.
1201 4253 1265 4315 ἐκ
1317 4248 1581 4313 Γλωύκευ
1623 4246 1984 4333 (Ποτνιέως)
2019 4244 2342 4323 Αἰσχύλου.
2372 4243 2466 4309 De
2492 4268 2723 4329 argum

868 4372 1128 4431 constat.
1183 4361 1280 4427 De
1325 4360 1562 4426 Glauco
1608 4358 1850 4424 Probus
1895 4357 1974 4422 ad
2023 4357 2201 4442 Virg.
2253 4356 2475 4443 Georg.
2524 4358 2630 4423 III
2680 4366 2709 4421 22

869 4482 973 4545 nia
1019 4487 1105 4543 esc
1151 4480 1286 4543 urbs
1331 4476 1627 4554 Boeoliae,
1673 4475 1772 4538 ubi
1827 4475 2088 4538 Glaucus
2140 4472 2377 4557 Sisyphi
2405 4474 2585 4558 filius
2626 4482 2679 4537 el
