3875 5634
1853 780 2090 826 amaa.
2917 769 2950 831 1
2963 768 3041 831 57

837 951 1076 1032 πατρός.
1145 948 1240 1014 De
1288 947 1522 1034 quibus
1571 955 1737 1013 recte
1787 947 1977 1014 Geel:
2022 950 2330 1030 „acutius
2376 951 2533 1016 lusit
2578 953 2855 1018 comicus
2897 977 3088 1039 quam

835 1063 1190 1143 „nonnulli
1251 1070 1726 1149 perspexerunt.
1789 1062 2004 1144 Quum
2068 1065 2232 1129 enim
2291 1066 2564 1152 primum
2614 1090 2859 1132 versum
2908 1069 3089 1134 Anti-

834 1201 1091 1265 „gonae
1159 1200 1310 1242 suae
1379 1178 1709 1244 recitasset
1778 1177 2134 1265 Euripides,
2204 1180 2469 1267 arripuit
2531 1183 2640 1246 Ar.
2704 1184 3083 1249 occasionem

831 1292 1140 1373 „ridendi
1186 1292 1301 1358 hos
1347 1291 1825 1358 Phoenissarum
1880 1316 2110 1372 versuS‚
2154 1295 2519 1380 perstrinxit
2556 1297 2912 1382 ambiguam
2956 1322 3092 1364 sen-

833 1407 1156 1487 „tentiam
1205 1429 1368 1492 quae
1413 1406 1684 1471 ridicula
1729 1408 1858 1487 fiet,
1900 1408 1953 1473 si
1991 1407 2448 1494 interpreteris:
2490 1411 2866 1497 praedixisse
2900 1412 3091 1498 Apol-

832 1522 1084 1600 „linem
1133 1521 1452 1608 Oedipum
1500 1521 1784 1587 nondum
1832 1530 2051 1587 natum
2100 1524 2292 1609 patris
2336 1525 2798 1591 interfectorem
2846 1526 3042 1592 ἴοι-εἶ’

836 1807 944 1873 Vs.
996 1799 1207 1870 1206.
1281 1804 1610 1885 Αἴγυπτος,
1658 1808 1733 1878 ὥς
1778 1806 1805 1870 ὅ
1852 1814 2133 1881 πλεῖστος
2181 1806 2467 1890 ἔσπαρται
2513 1810 2709 1890 λόγος,

1281 1917 1386 1995 ξὺν
1432 1919 1605 1985 παισὶ
1654 1919 2020 1996 πεντήκοντά
2069 1922 2314 2004 νοιυτίλῳ
2360 1923 2564 2006 πλάτῃ

1280 2030 1506 2116 ’Ἄργος
1554 2034 1903 2114 κατασχών.

921 2200 1128 2265 Schol.
1178 2198 1521 2280 Ἀρχελάου
1560 2196 1712 2273 αὕτη
1760 2197 1922 2265 ἐστὶν
1970 2199 2004 2274 ἦ
2050 2200 2235 2280 άρχῆ,
2285 2199 2359 2273 ὥς
2396 2226 2546 2275 τινες
2586 2205 2832 2284 ψευδῶς.
2878 2207 2942 2270 οὐ
2966 2206 3084 2285 γάρ

833 2314 1074 2396 Φέρεται
1134 2318 1230 2378 νῦν
1293 2313 1608 2394 Εὐριπίδου
1655 2315 1831 2391 λόγος
1876 2312 2062 2385 οὐδεὶς
2107 2319 2375 2387 τοιοῦτος.
2428 2317 2490 2380 οὐ
2537 2316 2652 2398 γάρ
2701 2318 2844 2391 ἔστι,
2897 2318 3090 2399 φησιν

833 2429 1247 2511 Ἀρίσταρχος,
1311 2433 1414 2494 τοῦ
1470 2426 1822 2507 Ἀρχελάου,
1871 2428 1919 2491 εἰ
1966 2428 2054 2506 μὴ
2099 2429 2275 2501 οιύτὸς
2322 2429 2636 2508 μετέθηκεν
2682 2428 2928 2513 ὕστερον.
2982 2432 3092 2498 Al-

833 2551 931 2608 ter
974 2550 1147 2608 extat
1192 2543 1513 2629 prologus,
1565 2541 1640 2605 fr.
1694 2543 1844 2621 230,

1281 2657 1519 2728 Δοινοιὸς
1565 2655 1592 2719 ὅ
1640 2657 2005 2729 πεντήκοντά
2052 2655 2372 2737 θυγατέρων
2417 2656 2614 2738 ποιτήρ
2659 2658 2782 2723 κτὲ.

920 2769 1125 2856 Bergk
1194 2777 1406 2835 censet
1472 2767 1841 2855 Euripidem
1909 2768 2034 2833 iam
2105 2778 2440 2854 antequam
2518 2771 2585 2835 in
2655 2771 3089 2838 Macedoniam

831 2885 1143 2971 migraret,
1195 2884 1412 2949 drama
1456 2883 1840 2948 Archelaum
1881 2883 2153 2949 Athenis
2192 2907 2407 2950 scenae
2449 2886 2844 2970 commisisse,
2870 2897 3089 2975 postea

827 3022 972 3066 vero
1058 2999 1125 3064 in
1206 2998 1509 3063 honorem
1580 2997 1876 3063 Archelai
1937 2996 2338 3064 Macedoniae
2392 2999 2573 3084 regis,
2636 3002 2748 3085 qui
2807 3002 3087 3089 hospitio

831 3136 974 3178 eum
1022 3120 1366 3199 acceperat,
1418 3111 1751 3198 prologum
1797 3112 2182 3177 immutasse.
2235 3111 2412 3194 Quae
2459 3120 2669 3179 tamen
2718 3115 2928 3201 opinio
2974 3116 3090 3183 du·

831 3224 964 3292 bito
1008 3251 1162 3293 num
1208 3250 1354 3291 vera
1400 3229 1504 3289 sit.
1556 3225 1730 3306 Quid
1776 3225 1943 3289 euim
1990 3226 2149 3311 regis
2184 3227 2480 3292 intererat
2518 3228 2582 3293 in
2628 3229 2813 3294 initio
2837 3231 3079 3317 prologi

842 3343 1036 3407 Danai
1081 3341 1462 3407 mentionem
1511 3340 1642 3404 fieri
1688 3362 1814 3404 non
1865 3340 2183 3426 Aegypti?
2220 3339 2452 3405 Eodem
2494 3341 2678 3428 plane
2719 3343 2883 3408 redit
2920 3352 3092 3410 uter·

831 3480 956 3543 que
1003 3456 1333 3543 prologus3
1383 3454 1733 3520 Archelaus
1781 3455 1972 3532 enim,
2014 3477 2203 3541 nepos
2242 3453 2551 3534 Herculis,
2592 3479 2793 3541 genus
2816 3457 3092 3524 ducebat

833 3594 869 3636 a
928 3570 1057 3635 filio
1121 3570 1394 3656 Aegypti
1455 3575 1520 3632 et
1579 3569 1708 3633 filia
1771 3567 1995 3632 Danai.
2046 3566 2374 3633 Praeterea
2418 3570 2540 3633 iam
2590 3571 2855 3656 scriptor
2900 3572 3090 3638 Vitae

829 3683 1152 3771 Euripidis
1197 3681 1464 3748 tradidit
1507 3681 1876 3768 Euripidem
1925 3681 2139 3747 drama
2176 3683 2554 3748 Archelaum
2593 3685 2906 3772 scripsisse
2944 3709 3087 3752 cum

830 3799 1042 3864 Pellae
1088 3799 1156 3862 in
1203 3796 1577 3862 Macedonia
1622 3795 1897 3881 degeret.

915 3911 1245 3977 Probanda
1300 3910 1455 3975 mihi
1499 3909 1751 3974 videtur
1796 3910 2158 3974 coniectura
2202 3909 2519 3989 Fritschii,
2564 3911 2892 3997 prologum
2942 3921 3084 3998 post

825 4036 1048 4114 poetae
1105 4033 1370 4091 mortem
1415 4024 1495 4089 ab
1544 4024 1850 4111 Euripide
1899 4025 2156 4103 minore,
2206 4024 2331 4088 sive
2378 4024 2508 4089 filio
2555 4026 2784 4109 magni,
2834 4027 2962 4091 sive
3007 4048 3084 4091 ex

828 4141 1020 4206 fratre
1062 4148 1312 4227 nepote,
1362 4148 1683 4204 mutatum
1733 4162 1862 4204 esse
1909 4145 2159 4225 propter
2204 4138 2494 4204 acerbum
2542 4141 2978 4228 Aristophanis
3015 4141 3083 4207 in

828 4253 1021 4320 Ranis
1065 4253 1299 4319 lusum.
1346 4252 1832 4333 „Vehementer
1877 4252 2045 4317 enim
2095 4250 2303 4317 Ranae
2342 4253 2720 4339 placuerunt
2755 4277 2871 4319 nec
2894 4255 3085 4320 semel

828 4368 992 4448 „sed
1055 4365 1148 4432 bis
1208 4367 1391 4432 datae
1437 4373 1590 4431 sunt
1636 4373 1711 4431 ut
1758 4372 2135 4451 spectatores
2183 4365 2371 4431 huius
2417 4373 2546 4431 tam
2594 4366 2818 4453 longae
2865 4391 3084 4435 scenae

825 4480 1061 4561 „facile
1107 4480 1607 4546 recordarentur.
1658 4477 1831 4561 Quid
1881 4485 2091 4543 autem
2138 4479 2425 4545 futurum
2472 4486 2625 4563 erat,
2673 4481 2726 4547 si
2772 4483 2914 4567 quis
2961 4491 3084 4548 tra·

823 4593 1138 4680 „goediae
1206 4599 1529 4680 spectator
1602 4592 1909 4657 comicum
1973 4590 2133 4657 illud
2191 4593 2450 4666 ληκύθιον
2509 4594 2817 4660 άπώλεσεν
2863 4618 3090 4683 magna
