3875 5634
880 644 956 707 11
971 645 1008 708 8
1610 657 2319 705 muoruoauzosan.

1236 828 1441 909 μακροὶ
1485 827 1603 910 γὰρ
1649 827 1828 908 ἰσχὺς
1874 832 2108 907 μᾶλλον
2154 824 2399 899 ἀρσένων
2447 824 2609 905 μένει

1235 943 1437 1016 θήλειαι
1484 942 1537 1006 δ’
1588 938 1708 1019 ἥβη
1759 941 1968 1005 θᾶσσον
2012 940 2264 1004 ἐκλείπει
2310 936 2521 1016 δέμας.

923 1053 1019 1118 De
1065 1054 1233 1119 hisce
1279 1054 1593 1140 Wagner:
1642 1103 1682 1131 ,,
1703 1054 1841 1118 Hoc
1888 1052 2052 1116 enim
2093 1051 2248 1116 dicit
2289 1031 2660 1137 Euripides:
2700 1051 2938 1115 malum
2964 1075 3095 1117 esse

831 1168 1178 1247 „iuvenem
1227 1169 1473 1255 pueUae
1518 1167 1782 1234 iuvenili
1828 1165 1892 1251 (i.
1943 1189 1996 1230 e.
2047 1165 2318 1250 aequali)
2357 1166 2757 1231 matrimonio
2797 1167 3060 1252 iungere
3074 1194 3093 1245 3

833 1332 874 1362 „
896 1304 1151 1347 uxorem
1223 1284 1386 1348 enim
1450 1304 1691 1368 semper
1752 1286 1907 1346 natu
1966 1279 2267 1345 minorem
2329 1281 2595 1365 coniuge
2656 1303 2786 1345 esse
2848 1280 3094 1361 debere,

832 1446 874 1476 ‚‚
893 1395 1052 1461 cet.''
1114 1395 1415 1462 Libenter
1472 1395 1762 1475 concedo,
1825 1394 1875 1458 si
1938 1394 2066 1459 tale
2115 1394 2270 1479 quid
2316 1393 2572 1458 dixisset
2621 1401 2835 1480 poeta,
2872 1393 3096 1461 allatos

833 1532 1046 1574 versus
1114 1509 1411 1596 explicari
1469 1531 1648 1595 posse
1664 1536 1682 1588 3
1750 1515 1820 1572 at
1880 1530 2004 1574 non
2065 1507 2245 1586 dixit,
2297 1515 2362 1573 et
2407 1507 2459 1571 si
2508 1509 2650 1591 quis
2697 1531 2951 1574 monere
2997 1530 3096 1573 vo·

833 1623 1091 1689 luisset:
1152 1645 1280 1688 non
1342 1629 1591 1711 oportet
1652 1622 1947 1687 maritum
2005 1628 2070 1686 et
2113 1644 2370 1686 uxorem
2416 1621 2710 1706 aequales
2756 1645 2908 1701 esse,
2955 1622 3096 1688 aliis

833 1739 966 1803 sine
1010 1737 1206 1803 dubio
1251 1760 1403 1802 usus
1450 1745 1609 1802 esset
1658 1736 1881 1803 verbis.
1931 1736 2025 1801 Ex
2074 1736 2151 1802 iis
2194 1759 2355 1821 quae
2395 1758 2570 1801 nunc
2607 1736 3097 1825 legunturnihil

834 1850 1008 1916 aliud
1079 1851 1301 1917 elicere
1371 1873 1706 1938 possumus
1764 1873 1990 1936 quam:
2051 1873 2174 1915 non
2243 1857 2491 1937 oportet
2537 1849 2804 1916 iuvenili
2849 1849 3097 1937 puellae

831 1965 1124 2030 iuvenem
1174 1965 1572 2030 matrimonio
1615 1964 1893 2050 iungere.

925 2078 1244 2145 Videntur
1291 2078 1451 2143 mihi
1499 2079 1627 2144 duo
1671 2079 2018 2164 fragmenta
2063 2078 2365 2143 coaluisse
2413 2078 2503 2142 ita
2548 2086 2625 2142 ut
2671 2079 2935 2144 alterius
2982 2080 3098 2144 ini-

836 2192 998 2257 tium
1066 2194 1344 2279 perierit.
1417 2192 1666 2258 Primus
1732 2215 1967 2270 versus,
2031 2192 2254 2257 leviter
2314 2199 2565 2257 tantum
2633 2193 3013 2257 immutatus
3060 2214 3095 2256 a

836 2304 1156 2371 Clemente
1206 2307 1334 2386 AL,
1379 2306 1532 2372 Eur.
1573 2307 1645 2371 fr.
1691 2309 1839 2387 906,
1877 2307 2132 2372 affertur
2170 2305 2419 2371 duobus
2459 2306 2599 2372 aliis
2640 2307 3013 2372 coniunctus
3061 2331 3097 2372 a

842 2419 1072 2505 quibus
1118 2443 1317 2506 aeque
1362 2421 1606 2486 alienus
1651 2427 1764 2486 est.

836 2643 946 2710 Vs.
993 2638 1161 2708 414.
1234 2638 1365 2709 εἶτα
1412 2643 1510 2709 διὰ
1555 2649 1757 2710 τοῦτον
1800 2652 1938 2718 τρεῖς
1983 2644 2440 2723 γυναικωνίτισιν

1238 2758 1599 2838 σφραγῖδας
1643 2756 2067 2836 ἐπιβάλλουσιν
2114 2757 2223 2833 ἤδη
2271 2757 2374 2822 καὶ
2422 2760 2692 2840 μοχλοὺς

1239 2877 1544 2953 τηροῦντες
1589 2871 1754 2949 ἡμᾶς
1798 2872 1919 2937 xri.

925 2984 1082 3051 Cum
1156 2985 1271 3050 hoc
1339 3007 1591 3071 quoque
1656 2986 1950 3072 Euripidi
2019 2987 2269 3052 crimini
2338 2986 2543 3068 detur,
2619 2996 2763 3074 apte
2828 2989 3097 3054 coniecit

833 3098 1114 3165 Fritsche
1177 3102 1560 3185 tragoediam
1621 3099 1878 3166 Danaen
1918 3103 2116 3186 tangi,
2165 3101 2241 3166 ad
2291 3125 2536 3167 carmen
2584 3102 2834 3168 Horatii
2882 3126 3097 3190 provo·

836 3236 1004 3293 cana,
1055 3213 1166 3279 ubi
1208 3214 1396 3279 etiam
1437 3213 1747 3299 „vigilum
1783 3237 2010 3280 canum
2047 3215 2254 3279 tristes
2307 3213 2645 3280 excubiae’'
2674 3217 3097 3299 (Μολοττικοὺς

833 3327 1110 3411 τρέφουσι
1155 3328 1360 3414 κύνας)
1407 3335 1855 3393 memorantur.
1904 3329 2145 3394 Similia
2192 3336 2532 3395 occurrunt
2567 3328 2753 3394 verba
2791 3329 3093 3395 Androm.

837 3444 987 3506 951.
1037 3442 1092 3507 E
1130 3440 1333 3507 verbis
1371 3442 1814 3529 Aristophanis
1852 3443 2108 3508 minime
2143 3444 2433 3528 sequitur
2468 3443 2838 3530 Euripidem
2862 3444 3098 3510 alieubi

830 3554 1021 3619 talem
1072 3556 1419 3620 custodiam
1465 3555 1775 3642 probasse.
1820 3554 2215 3621 Contrarium
2257 3557 2439 3622 docet
2476 3557 2900 3643 fragmentum
2926 3559 3096 3643 quod

834 3667 1251 3754 Euripideum
1298 3669 1552 3735 videtur
1600 3668 1775 3756 (Cob.
1823 3669 1907 3734 N.
1955 3668 2030 3734 L.
2081 3693 2143 3756 p.
2190 3671 2299 3755 46)
2346 3668 2431 3735 N.
2476 3671 2552 3735 fr.
2601 3671 2703 3736 ad.
2745 3670 3098 3746 458εὸστις

829 3779 894 3845 δὲ
962 3780 1219 3861 μόχλοις
1286 3782 1391 3848 καὶ
1452 3783 1550 3849 διὰ
1595 3783 2075 3865 σφραγισμρὲτων
2115 3780 2126 3873 Ι
2165 3782 2333 3865 σώζει
2378 3783 2688 3865 δάμαρτα,
2739 3786 2878 3866 δρᾶν
2915 3810 2972 3851 τι
3019 3786 3088 3860 δὴ

831 3894 1009 3960 δοκῶν
1057 3897 1260 3977 σοφὸν,
1303 3895 1313 3985 Ι
1355 3896 1612 3975 μάταιός
1662 3900 1785 3963 ἐστι
1829 3897 1932 3963 καὶ
1980 3904 2199 3980 φρονῶν
2244 3900 2405 3964 οὐδὲν
2449 3905 2667 3980 φρονεῖ.
2709 3899 2794 3965 Ν.
2824 3901 3091 3980 διασφα-

829 4007 1101 4086 λίσριοισι.
1167 4010 1257 4073 At
1319 4018 1461 4096 post
1528 4013 1782 4090 μόχλοις
1844 4012 2185 4096 requiritur
2248 4013 2401 4077 certi
2462 4012 2788 4078 cuiusdam
2854 4011 3094 4077 vinculi

827 4141 1056 4186 nomen
1106 4130 1183 4187 ut
1228 4124 1695 4205 ecppxyicpmae.

827 4342 936 4409 Vs.
985 4337 1152 4408 455.
1229 4344 1408 4427 ἄγρια
1455 4346 1572 4428 γὰρ
1620 4347 1804 4428 ἡμᾶς,
1855 4342 1897 4411 ὦ
1942 4355 2235 4426 γυναῖκες,
2289 4349 2396 4434 δρζξ
2440 4348 2623 4414 κοικοὶ.

914 4456 1160 4544 Enger:
1225 4508 1264 4538 „
1285 4459 1553 4524 Ridetur
1608 4459 1945 4548 Euripides
1987 4460 2100 4547 qui
2147 4462 2216 4527 in
2261 4460 2598 4527 Phoenicis
2644 4462 2863 4548 fragm.
2913 4463 3094 4549 (805)
